InstrumentID,TradingDay,UpdateTime,UpdateMillisec,RefUpdateTime,RefUpdateMillisec,LastPrice,Volume,LastVolume,Turnover,LastTurnover,AskPrice5,AskPrice4,AskPrice3,AskPrice2,AskPrice1,BidPrice1,BidPrice2,BidPrice3,BidPrice4,BidPrice5,AskVolume5,AskVolume4,AskVolume3,AskVolume2,AskVolume1,BidVolume1,BidVolume2,BidVolume3,BidVolume4,BidVolume5,OpenInterest,UpperLimitPrice,LowerLimitPrice,HighestPrice,LowestPrice,PreClosePrice
SZ127080,20230619,09:00:30,000,09:05:20,231729,0.00000000,0,0,0.00000000,0.00000000,0.00000000,0.00000000,0.00000000,0.00000000,0.00000000,0.00000000,0.00000000,0.00000000,0.00000000,0.00000000,0,0,0,0,0,0,0,0,0,0,0,202.79800000,135.19800000,0.00000000,0.00000000,168.99800000
SZ127080,20230619,09:11:30,000,09:11:30,459686,0.00000000,0,0,0.00000000,0.00000000,0.00000000,0.00000000,0.00000000,0.00000000,0.00000000,0.00000000,0.00000000,0.00000000,0.00000000,0.00000000,0,0,0,0,0,0,0,0,0,0,0,202.79800000,135.19800000,0.00000000,0.00000000,168.99800000
SZ127080,20230619,09:15:03,000,09:15:05,124263,0.00000000,0,0,0.00000000,0.00000000,0.00000000,0.00000000,0.00000000,0.00000000,0.00000000,0.00000000,0.00000000,0.00000000,0.00000000,0.00000000,0,0,0,0,0,0,0,0,0,0,0,202.79800000,135.19800000,0.00000000,0.00000000,168.99800000
SZ127080,20230619,09:15:12,000,09:15:12,462929,0.00000000,0,0,0.00000000,0.00000000,0.00000000,0.00000000,0.00000000,0.00000000,169.13500000,169.13500000,0.00000000,0.00000000,0.00000000,0.00000000,0,0,0,0,190,190,0,0,0,0,0,202.79800000,135.19800000,0.00000000,0.00000000,168.99800000
SZ127080,20230619,09:15:21,000,09:15:21,462220,0.00000000,0,0,0.00000000,0.00000000,0.00000000,0.00000000,0.00000000,0.00000000,169.09000000,169.09000000,0.00000000,0.00000000,0.00000000,0.00000000,0,0,0,0,220,220,0,0,0,0,0,202.79800000,135.19800000,0.00000000,0.00000000,168.99800000
SZ127080,20230619,09:15:57,000,09:15:57,460344,0.00000000,0,0,0.00000000,0.00000000,0.00000000,0.00000000,0.00000000,0.00000000,170.56000000,170.56000000,0.00000000,0.00000000,0.00000000,0.00000000,0,0,0,10,300,300,0,0,0,0,0,202.79800000,135.19800000,0.00000000,0.00000000,168.99800000
SZ127080,20230619,09:16:06,000,09:16:06,460724,0.00000000,0,0,0.00000000,0.00000000,0.00000000,0.00000000,0.00000000,0.00000000,170.56000000,170.56000000,0.00000000,0.00000000,0.00000000,0.00000000,0,0,0,10,320,320,0,0,0,0,0,202.79800000,135.19800000,0.00000000,0.00000000,168.99800000
SZ127080,20230619,09:16:51,000,09:16:51,461269,0.00000000,0,0,0.00000000,0.00000000,0.00000000,0.00000000,0.00000000,0.00000000,170.56000000,170.56000000,0.00000000,0.00000000,0.00000000,0.00000000,0,0,0,20,320,320,0,0,0,0,0,202.79800000,135.19800000,0.00000000,0.00000000,168.99800000
SZ127080,20230619,09:17:18,000,09:17:18,460992,0.00000000,0,0,0.00000000,0.00000000,0.00000000,0.00000000,0.00000000,0.00000000,170.11300000,170.11300000,0.00000000,0.00000000,0.00000000,0.00000000,0,0,0,0,370,370,90,0,0,0,0,202.79800000,135.19800000,0.00000000,0.00000000,168.99800000
SZ127080,20230619,09:17:45,000,09:17:45,461016,0.00000000,0,0,0.00000000,0.00000000,0.00000000,0.00000000,0.00000000,0.00000000,170.11300000,170.11300000,0.00000000,0.00000000,0.00000000,0.00000000,0,0,0,0,410,410,50,0,0,0,0,202.79800000,135.19800000,0.00000000,0.00000000,168.99800000
SZ127080,20230619,09:17:54,000,09:17:54,460707,0.00000000,0,0,0.00000000,0.00000000,0.00000000,0.00000000,0.00000000,0.00000000,170.11300000,170.11300000,0.00000000,0.00000000,0.00000000,0.00000000,0,0,0,0,410,410,60,0,0,0,0,202.79800000,135.19800000,0.00000000,0.00000000,168.99800000
SZ127080,20230619,09:18:03,000,09:18:03,460168,0.00000000,0,0,0.00000000,0.00000000,0.00000000,0.00000000,0.00000000,0.00000000,170.11300000,170.11300000,0.00000000,0.00000000,0.00000000,0.00000000,0,0,0,0,420,420,50,0,0,0,0,202.79800000,135.19800000,0.00000000,0.00000000,168.99800000
SZ127080,20230619,09:18:12,000,09:18:12,477846,0.00000000,0,0,0.00000000,0.00000000,0.00000000,0.00000000,0.00000000,0.00000000,170.11300000,170.11300000,0.00000000,0.00000000,0.00000000,0.00000000,0,0,0,0,430,430,40,0,0,0,0,202.79800000,135.19800000,0.00000000,0.00000000,168.99800000
SZ127080,20230619,09:18:21,000,09:18:21,460835,0.00000000,0,0,0.00000000,0.00000000,0.00000000,0.00000000,0.00000000,0.00000000,170.11300000,170.11300000,0.00000000,0.00000000,0.00000000,0.00000000,0,0,0,0,420,420,50,0,0,0,0,202.79800000,135.19800000,0.00000000,0.00000000,168.99800000
SZ127080,20230619,09:18:48,000,09:18:48,460810,0.00000000,0,0,0.00000000,0.00000000,0.00000000,0.00000000,0.00000000,0.00000000,169.45000000,169.45000000,0.00000000,0.00000000,0.00000000,0.00000000,0,0,0,10,520,520,0,0,0,0,0,202.79800000,135.19800000,0.00000000,0.00000000,168.99800000
SZ127080,20230619,09:19:06,000,09:19:06,460315,0.00000000,0,0,0.00000000,0.00000000,0.00000000,0.00000000,0.00000000,0.00000000,168.99800000,168.99800000,0.00000000,0.00000000,0.00000000,0.00000000,0,0,0,0,610,610,10,0,0,0,0,202.79800000,135.19800000,0.00000000,0.00000000,168.99800000
SZ127080,20230619,09:19:24,000,09:19:24,464304,0.00000000,0,0,0.00000000,0.00000000,0.00000000,0.00000000,0.00000000,0.00000000,169.45000000,169.45000000,0.00000000,0.00000000,0.00000000,0.00000000,0,0,0,10,520,520,0,0,0,0,0,202.79800000,135.19800000,0.00000000,0.00000000,168.99800000
SZ127080,20230619,09:19:33,000,09:19:33,461146,0.00000000,0,0,0.00000000,0.00000000,0.00000000,0.00000000,0.00000000,0.00000000,170.11300000,170.11300000,0.00000000,0.00000000,0.00000000,0.00000000,0,0,0,0,450,450,20,0,0,0,0,202.79800000,135.19800000,0.00000000,0.00000000,168.99800000
SZ127080,20230619,09:19:51,000,09:19:51,461139,0.00000000,0,0,0.00000000,0.00000000,0.00000000,0.00000000,0.00000000,0.00000000,170.11300000,170.11300000,0.00000000,0.00000000,0.00000000,0.00000000,0,0,0,180,470,470,0,0,0,0,0,202.79800000,135.19800000,0.00000000,0.00000000,168.99800000
SZ127080,20230619,09:20:12,000,09:20:12,461128,0.00000000,0,0,0.00000000,0.00000000,0.00000000,0.00000000,0.00000000,0.00000000,170.11300000,170.11300000,0.00000000,0.00000000,0.00000000,0.00000000,0,0,0,170,480,480,0,0,0,0,0,202.79800000,135.19800000,0.00000000,0.00000000,168.99800000
SZ127080,20230619,09:20:21,000,09:20:21,460805,0.00000000,0,0,0.00000000,0.00000000,0.00000000,0.00000000,0.00000000,0.00000000,169.45000000,169.45000000,0.00000000,0.00000000,0.00000000,0.00000000,0,0,0,0,530,530,0,0,0,0,0,202.79800000,135.19800000,0.00000000,0.00000000,168.99800000
SZ127080,20230619,09:20:39,000,09:20:39,460918,0.00000000,0,0,0.00000000,0.00000000,0.00000000,0.00000000,0.00000000,0.00000000,169.45000000,169.45000000,0.00000000,0.00000000,0.00000000,0.00000000,0,0,0,10,590,590,0,0,0,0,0,202.79800000,135.19800000,0.00000000,0.00000000,168.99800000
SZ127080,20230619,09:20:48,000,09:20:48,468951,0.00000000,0,0,0.00000000,0.00000000,0.00000000,0.00000000,0.00000000,0.00000000,168.99800000,168.99800000,0.00000000,0.00000000,0.00000000,0.00000000,0,0,0,0,660,660,70,0,0,0,0,202.79800000,135.19800000,0.00000000,0.00000000,168.99800000
SZ127080,20230619,09:21:06,000,09:21:06,461266,0.00000000,0,0,0.00000000,0.00000000,0.00000000,0.00000000,0.00000000,0.00000000,168.99800000,168.99800000,0.00000000,0.00000000,0.00000000,0.00000000,0,0,0,0,660,660,90,0,0,0,0,202.79800000,135.19800000,0.00000000,0.00000000,168.99800000
SZ127080,20230619,09:21:15,000,09:21:15,460421,0.00000000,0,0,0.00000000,0.00000000,0.00000000,0.00000000,0.00000000,0.00000000,168.99800000,168.99800000,0.00000000,0.00000000,0.00000000,0.00000000,0,0,0,0,660,660,110,0,0,0,0,202.79800000,135.19800000,0.00000000,0.00000000,168.99800000
SZ127080,20230619,09:21:33,000,09:21:33,461239,0.00000000,0,0,0.00000000,0.00000000,0.00000000,0.00000000,0.00000000,0.00000000,168.99800000,168.99800000,0.00000000,0.00000000,0.00000000,0.00000000,0,0,0,0,660,660,140,0,0,0,0,202.79800000,135.19800000,0.00000000,0.00000000,168.99800000
SZ127080,20230619,09:21:42,000,09:21:42,460020,0.00000000,0,0,0.00000000,0.00000000,0.00000000,0.00000000,0.00000000,0.00000000,168.99800000,168.99800000,0.00000000,0.00000000,0.00000000,0.00000000,0,0,0,0,740,740,120,0,0,0,0,202.79800000,135.19800000,0.00000000,0.00000000,168.99800000
SZ127080,20230619,09:22:00,000,09:22:00,460274,0.00000000,0,0,0.00000000,0.00000000,0.00000000,0.00000000,0.00000000,0.00000000,168.99800000,168.99800000,0.00000000,0.00000000,0.00000000,0.00000000,0,0,0,0,830,830,30,0,0,0,0,202.79800000,135.19800000,0.00000000,0.00000000,168.99800000
SZ127080,20230619,09:22:09,000,09:22:09,466409,0.00000000,0,0,0.00000000,0.00000000,0.00000000,0.00000000,0.00000000,0.00000000,168.19800000,168.19800000,0.00000000,0.00000000,0.00000000,0.00000000,0,0,0,0,930,930,0,0,0,0,0,202.79800000,135.19800000,0.00000000,0.00000000,168.99800000
SZ127080,20230619,09:22:18,000,09:22:18,461653,0.00000000,0,0,0.00000000,0.00000000,0.00000000,0.00000000,0.00000000,0.00000000,168.10000000,168.10000000,0.00000000,0.00000000,0.00000000,0.00000000,0,0,0,0,940,940,40,0,0,0,0,202.79800000,135.19800000,0.00000000,0.00000000,168.99800000
SZ127080,20230619,09:22:36,000,09:22:36,460232,0.00000000,0,0,0.00000000,0.00000000,0.00000000,0.00000000,0.00000000,0.00000000,168.19800000,168.19800000,0.00000000,0.00000000,0.00000000,0.00000000,0,0,0,0,940,940,40,0,0,0,0,202.79800000,135.19800000,0.00000000,0.00000000,168.99800000
SZ127080,20230619,09:23:03,000,09:23:03,461436,0.00000000,0,0,0.00000000,0.00000000,0.00000000,0.00000000,0.00000000,0.00000000,168.68000000,168.68000000,0.00000000,0.00000000,0.00000000,0.00000000,0,0,0,0,940,940,0,0,0,0,0,202.79800000,135.19800000,0.00000000,0.00000000,168.99800000
SZ127080,20230619,09:23:12,000,09:23:12,460589,0.00000000,0,0,0.00000000,0.00000000,0.00000000,0.00000000,0.00000000,0.00000000,168.90000000,168.90000000,0.00000000,0.00000000,0.00000000,0.00000000,0,0,0,0,940,940,0,0,0,0,0,202.79800000,135.19800000,0.00000000,0.00000000,168.99800000
SZ127080,20230619,09:23:21,000,09:23:21,461235,0.00000000,0,0,0.00000000,0.00000000,0.00000000,0.00000000,0.00000000,0.00000000,168.68000000,168.68000000,0.00000000,0.00000000,0.00000000,0.00000000,0,0,0,0,1010,1010,20,0,0,0,0,202.79800000,135.19800000,0.00000000,0.00000000,168.99800000
SZ127080,20230619,09:23:30,000,09:23:30,460990,0.00000000,0,0,0.00000000,0.00000000,0.00000000,0.00000000,0.00000000,0.00000000,168.99800000,168.99800000,0.00000000,0.00000000,0.00000000,0.00000000,0,0,0,0,1010,1010,70,0,0,0,0,202.79800000,135.19800000,0.00000000,0.00000000,168.99800000
SZ127080,20230619,09:23:39,000,09:23:39,461291,0.00000000,0,0,0.00000000,0.00000000,0.00000000,0.00000000,0.00000000,0.00000000,168.90000000,168.90000000,0.00000000,0.00000000,0.00000000,0.00000000,0,0,0,0,1140,1140,10,0,0,0,0,202.79800000,135.19800000,0.00000000,0.00000000,168.99800000
SZ127080,20230619,09:23:57,000,09:23:57,462476,0.00000000,0,0,0.00000000,0.00000000,0.00000000,0.00000000,0.00000000,0.00000000,168.82900000,168.82900000,0.00000000,0.00000000,0.00000000,0.00000000,0,0,0,0,1240,1240,30,0,0,0,0,202.79800000,135.19800000,0.00000000,0.00000000,168.99800000
SZ127080,20230619,09:24:06,000,09:24:06,460672,0.00000000,0,0,0.00000000,0.00000000,0.00000000,0.00000000,0.00000000,0.00000000,168.99800000,168.99800000,0.00000000,0.00000000,0.00000000,0.00000000,0,0,0,0,1240,1240,110,0,0,0,0,202.79800000,135.19800000,0.00000000,0.00000000,168.99800000
SZ127080,20230619,09:24:15,000,09:24:15,462345,0.00000000,0,0,0.00000000,0.00000000,0.00000000,0.00000000,0.00000000,0.00000000,168.90000000,168.90000000,0.00000000,0.00000000,0.00000000,0.00000000,0,0,0,0,1630,1630,30,0,0,0,0,202.79800000,135.19800000,0.00000000,0.00000000,168.99800000
SZ127080,20230619,09:24:24,000,09:24:24,460984,0.00000000,0,0,0.00000000,0.00000000,0.00000000,0.00000000,0.00000000,0.00000000,169.00000000,169.00000000,0.00000000,0.00000000,0.00000000,0.00000000,0,0,0,0,1790,1790,180,0,0,0,0,202.79800000,135.19800000,0.00000000,0.00000000,168.99800000
SZ127080,20230619,09:24:33,000,09:24:33,462144,0.00000000,0,0,0.00000000,0.00000000,0.00000000,0.00000000,0.00000000,0.00000000,169.09000000,169.09000000,0.00000000,0.00000000,0.00000000,0.00000000,0,0,0,10,1810,1810,0,0,0,0,0,202.79800000,135.19800000,0.00000000,0.00000000,168.99800000
SZ127080,20230619,09:24:42,000,09:24:42,461706,0.00000000,0,0,0.00000000,0.00000000,0.00000000,0.00000000,0.00000000,0.00000000,169.40000000,169.40000000,0.00000000,0.00000000,0.00000000,0.00000000,0,0,0,10,2030,2030,0,0,0,0,0,202.79800000,135.19800000,0.00000000,0.00000000,168.99800000
SZ127080,20230619,09:24:51,000,09:24:51,461864,0.00000000,0,0,0.00000000,0.00000000,0.00000000,0.00000000,0.00000000,0.00000000,169.09000000,169.09000000,0.00000000,0.00000000,0.00000000,0.00000000,0,0,0,0,2950,2950,80,0,0,0,0,202.79800000,135.19800000,0.00000000,0.00000000,168.99800000
SZ127080,20230619,09:25:00,000,09:25:00,468002,0.00000000,0,0,0.00000000,0.00000000,0.00000000,0.00000000,0.00000000,0.00000000,169.40000000,169.40000000,0.00000000,0.00000000,0.00000000,0.00000000,0,0,0,370,3740,3740,0,0,0,0,0,202.79800000,135.19800000,0.00000000,0.00000000,168.99800000
SZ127080,20230619,09:25:03,000,09:25:03,496705,169.50100000,4740,4740,803434.00000000,803434.00000000,170.50000000,170.30000000,170.11300000,170.00000000,169.79800000,169.50000000,169.45000000,169.40000000,169.30000000,169.20000000,40,10,220,20,30,100,60,10,300,60,0,202.79800000,135.19800000,169.50100000,169.50100000,168.99800000
SZ127080,20230619,09:26:30,000,09:26:30,460369,169.50100000,4740,0,803434.00000000,0.00000000,170.50000000,170.30000000,170.11300000,170.00000000,169.79800000,169.50000000,169.45000000,169.40000000,169.30000000,169.20000000,40,10,220,20,30,100,60,10,300,60,0,202.79800000,135.19800000,169.50100000,169.50100000,168.99800000
SZ127080,20230619,09:27:30,000,09:27:30,459942,169.50100000,4740,0,803434.00000000,0.00000000,170.50000000,170.30000000,170.11300000,170.00000000,169.79800000,169.50000000,169.45000000,169.40000000,169.30000000,169.20000000,40,10,220,20,30,100,60,10,300,60,0,202.79800000,135.19800000,169.50100000,169.50100000,168.99800000
SZ127080,20230619,09:28:30,000,09:28:30,460179,169.50100000,4740,0,803434.00000000,0.00000000,170.50000000,170.30000000,170.11300000,170.00000000,169.79800000,169.50000000,169.45000000,169.40000000,169.30000000,169.20000000,40,10,220,20,30,100,60,10,300,60,0,202.79800000,135.19800000,169.50100000,169.50100000,168.99800000
SZ127080,20230619,09:29:30,000,09:29:30,460263,169.50100000,4740,0,803434.00000000,0.00000000,170.50000000,170.30000000,170.11300000,170.00000000,169.79800000,169.50000000,169.45000000,169.40000000,169.30000000,169.20000000,40,10,220,20,30,100,60,10,300,60,0,202.79800000,135.19800000,169.50100000,169.50100000,168.99800000
SZ127080,20230619,09:30:03,000,09:30:04,935790,170.56000000,7100,2360,1204488.00000000,401054.00000000,170.90000000,170.85700000,170.80000000,170.75000000,170.67000000,170.56000000,170.11300000,169.80000000,169.79800000,169.60000000,10,180,30,10,20,540,50,110,4300,60,0,202.79800000,135.19800000,170.56000000,169.50000000,168.99800000
SZ127080,20230619,09:30:06,000,09:30:09,267683,169.79800000,12230,5130,2076451.00000000,871963.00000000,170.50000000,170.30000000,170.05600000,170.00000000,169.99100000,169.79800000,169.60200000,169.60000000,169.59800000,169.58000000,30,10,60,10,40,3340,50,90,150,10,0,202.79800000,135.19800000,170.98800000,169.50000000,168.99800000
SZ127080,20230619,09:30:09,000,09:30:13,523809,169.79800000,13600,1370,2309427.00000000,232976.00000000,170.50000000,170.43900000,170.39900000,170.23400000,169.99000000,169.79800000,169.60000000,169.59800000,169.58000000,169.55000000,30,110,200,110,1210,3510,60,150,10,10,0,202.79800000,135.19800000,170.98800000,169.50000000,168.99800000
SZ127080,20230619,09:30:12,000,09:30:17,757559,169.79900000,16480,2880,2798911.00000000,489484.00000000,170.50000000,170.43900000,170.15000000,169.99000000,169.98900000,169.79800000,169.60000000,169.59800000,169.58000000,169.55000000,30,110,20,740,10,2450,80,150,10,10,0,202.79800000,135.19800000,170.98800000,169.50000000,168.99800000
SZ127080,20230619,09:30:15,000,09:30:21,708472,169.80000000,18450,1970,3133820.00000000,334909.00000000,170.50000000,170.43900000,170.29900000,170.23300000,170.15000000,170.11000000,169.80000000,169.79800000,169.60000000,169.59800000,30,110,180,110,10,500,140,2390,80,150,0,202.79800000,135.19800000,170.98800000,169.50000000,168.99800000
SZ127080,20230619,09:30:18,000,09:30:24,992991,170.10100000,19370,920,3290265.00000000,156445.00000000,170.29800000,170.15000000,170.11000000,170.10200000,170.10100000,170.01100000,169.99100000,169.99000000,169.98900000,169.89000000,40,60,20,680,220,370,2150,40,10,130,0,202.79800000,135.19800000,170.98800000,169.50000000,168.99800000
SZ127080,20230619,09:30:21,000,09:30:26,818950,170.26500000,21050,1680,3576193.00000000,285928.00000000,170.56000000,170.50000000,170.43900000,170.30000000,170.28700000,170.24200000,170.23800000,170.23700000,170.17200000,170.17100000,210,50,110,10,60,180,420,350,100,160,0,202.79800000,135.19800000,170.98800000,169.50000000,168.99800000
SZ127080,20230619,09:30:24,000,09:30:28,451553,170.59800000,21730,680,3692120.00000000,115927.00000000,170.84800000,170.84700000,170.84600000,170.84200000,170.84000000,170.64600000,170.60100000,170.59900000,170.59400000,170.59200000,210,40,50,10,60,90,20,10,180,20,0,202.79800000,135.19800000,170.98800000,169.50000000,168.99800000
SZ127080,20230619,09:30:27,000,09:30:30,044096,170.65000000,22610,880,3842245.00000000,150125.00000000,170.83200000,170.83100000,170.82900000,170.82800000,170.82000000,170.66200000,170.65800000,170.65600000,170.65200000,170.65000000,80,40,110,20,50,120,30,250,60,170,0,202.79800000,135.19800000,170.98800000,169.50000000,168.99800000
SZ127080,20230619,09:30:30,000,09:30:31,526057,171.02500000,24080,1470,4093481.00000000,251236.00000000,171.50000000,171.40000000,171.39800000,171.39700000,171.10000000,171.03000000,171.02900000,171.02500000,170.89500000,170.89200000,260,140,30,140,10,230,250,10,120,20,0,202.79800000,135.19800000,171.10000000,169.50000000,168.99800000
SZ127080,20230619,09:30:33,000,09:30:33,495970,171.03000000,25310,1230,4303819.00000000,210338.00000000,171.35700000,171.35600000,171.35400000,171.35300000,171.35100000,171.03300000,171.03000000,171.01400000,171.01300000,171.00000000,40,140,80,260,40,170,90,40,20,150,0,202.79800000,135.19800000,171.10000000,169.50000000,168.99800000
SZ127080,20230619,09:30:36,000,09:30:36,485738,171.10200000,26590,1280,4522727.00000000,218908.00000000,171.28800000,171.28400000,171.28200000,171.28000000,171.27900000,171.10200000,171.10000000,171.03100000,170.94600000,170.94400000,60,230,60,30,170,50,100,100,160,30,0,202.79800000,135.19800000,171.11800000,169.50000000,168.99800000
SZ127080,20230619,09:30:39,000,09:30:39,509213,171.10200000,27920,1330,4750397.00000000,227670.00000000,171.25000000,171.24900000,171.24300000,171.24000000,171.23900000,171.10400000,171.10200000,171.10000000,171.03100000,171.02500000,210,110,20,160,30,10,30,420,100,110,0,202.79800000,135.19800000,171.34800000,169.50000000,168.99800000
SZ127080,20230619,09:30:42,000,09:30:42,497376,171.02500000,29570,1650,5032631.00000000,282234.00000000,171.03000000,171.02500000,171.02400000,171.02200000,171.02100000,170.84100000,170.84000000,170.83200000,170.82000000,170.66200000,80,150,190,110,80,30,170,100,100,170,0,202.79800000,135.19800000,171.34800000,169.50000000,168.99800000
SZ127080,20230619,09:30:45,000,09:30:45,506607,171.03300000,31510,1940,5364397.00000000,331766.00000000,171.24300000,171.23900000,171.23400000,171.10200000,171.09800000,171.03600000,170.89300000,170.89100000,170.89000000,170.88800000,60,40,350,480,10,70,180,70,100,230,0,202.79800000,135.19800000,171.34800000,169.50000000,168.99800000
SZ127080,20230619,09:30:48,000,09:30:48,508977,171.24500000,33330,1820,5675865.00000000,311468.00000000,171.32200000,171.30000000,171.27900000,171.27700000,171.24500000,171.10600000,171.10400000,171.10300000,171.10200000,171.10100000,10,40,520,30,10,170,120,140,110,70,0,202.79800000,135.19800000,171.34800000,169.50000000,168.99800000
SZ127080,20230619,09:30:51,000,09:30:51,510555,171.09800000,35280,1950,6009621.00000000,333756.00000000,171.30000000,171.27900000,171.24500000,171.19300000,171.19200000,171.09800000,171.03500000,171.03400000,171.03300000,171.02500000,40,110,40,60,50,500,40,250,2300,20,0,202.79800000,135.19800000,171.34800000,169.50000000,168.99800000
SZ127080,20230619,09:30:54,000,09:30:54,497400,171.00000000,39490,4210,6729902.00000000,720281.00000000,171.00000000,170.99200000,170.96300000,170.96200000,170.96100000,170.88000000,170.84000000,170.82000000,170.66200000,170.65000000,220,110,10,230,240,260,70,10,180,50,0,202.79800000,135.19800000,171.34800000,169.50000000,168.99800000
SZ127080,20230619,09:30:57,000,09:30:57,485673,170.94500000,40450,960,6894007.00000000,164105.00000000,171.03300000,170.96000000,170.95800000,170.95200000,170.94800000,170.82500000,170.82400000,170.82000000,170.66400000,170.66200000,550,70,40,20,210,40,140,10,260,180,0,202.79800000,135.19800000,171.34800000,169.50000000,168.99800000
SZ127080,20230619,09:31:00,000,09:31:00,508648,170.69100000,43160,2710,7357289.00000000,463282.00000000,170.98200000,170.93500000,170.93300000,170.93100000,170.92800000,170.69200000,170.69100000,170.69000000,170.68800000,170.68200000,60,290,100,60,20,70,40,190,70,80,0,202.79800000,135.19800000,171.34800000,169.50000000,168.99800000
SZ127080,20230619,09:31:03,000,09:31:03,508842,170.61500000,46990,3830,8011587.00000000,654298.00000000,170.98300000,170.93300000,170.93200000,170.93000000,170.92800000,170.61900000,170.61800000,170.61500000,170.61300000,170.61200000,110,110,10,160,60,70,100,10,60,130,0,202.79800000,135.19800000,171.34800000,169.50000000,168.99800000
SZ127080,20230619,09:31:06,000,09:31:06,496568,170.47800000,47870,880,8161728.00000000,150141.00000000,170.58000000,170.57800000,170.48100000,170.47600000,170.47300000,170.31400000,170.31200000,170.30000000,170.26000000,170.24200000,40,180,50,260,30,100,70,830,50,10,0,202.79800000,135.19800000,171.34800000,169.50000000,168.99800000
SZ127080,20230619,09:31:09,000,09:31:09,507901,169.94700000,51100,3230,8710994.00000000,549266.00000000,169.93500000,169.93100000,169.93000000,169.92900000,169.92700000,169.71600000,169.71300000,169.71100000,169.70000000,169.60000000,80,150,80,100,30,80,350,110,10,70,0,202.79800000,135.19800000,171.34800000,169.50000000,168.99800000
SZ127080,20230619,09:31:12,000,09:31:12,498540,169.90500000,54130,3030,9224821.00000000,513827.00000000,170.15000000,169.91900000,169.91700000,169.90800000,169.90500000,169.67600000,169.67400000,169.67300000,169.67200000,169.67000000,50,60,160,110,90,430,270,140,200,110,0,202.79800000,135.19800000,171.34800000,169.50000000,168.99800000
SZ127080,20230619,09:31:15,000,09:31:15,497350,170.04600000,56250,2120,9585365.00000000,360544.00000000,170.46000000,170.44900000,170.31400000,170.31100000,170.29900000,170.10900000,170.10800000,170.10700000,170.10600000,170.10400000,20,60,70,260,10,70,180,470,280,130,0,202.79800000,135.19800000,171.34800000,169.50000000,168.99800000
SZ127080,20230619,09:31:18,000,09:31:18,496237,170.19800000,58340,2090,9941334.00000000,355969.00000000,170.46000000,170.42800000,170.31400000,170.31200000,170.31100000,170.19800000,170.19700000,170.18500000,170.17500000,170.14000000,100,110,10,190,40,160,80,180,210,1000,0,202.79800000,135.19800000,171.34800000,169.50000000,168.99800000
SZ127080,20230619,09:31:21,000,09:31:21,487624,169.80000000,61680,3340,10509241.00000000,567907.00000000,170.03100000,169.85200000,169.85000000,169.80000000,169.79900000,169.67200000,169.67000000,169.63000000,169.61600000,169.61400000,80,60,110,20,100,170,10,10,780,390,0,202.79800000,135.19800000,171.34800000,169.50000000,168.99800000
SZ127080,20230619,09:31:24,000,09:31:24,509526,169.85200000,64920,3240,11058608.00000000,549367.00000000,170.04600000,170.04300000,170.03500000,170.03400000,170.03200000,169.75800000,169.75600000,169.72300000,169.72200000,169.72100000,30,110,110,110,90,110,180,50,90,110,0,202.79800000,135.19800000,171.34800000,169.00000000,168.99800000
SZ127080,20230619,09:31:27,000,09:31:27,507848,169.84100000,66340,1420,11299621.00000000,241013.00000000,170.15000000,170.10900000,170.04600000,170.03500000,170.00600000,169.85000000,169.84500000,169.84300000,169.84200000,169.80500000,20,100,30,110,110,160,150,250,80,50,0,202.79800000,135.19800000,171.34800000,169.00000000,168.99800000
SZ127080,20230619,09:31:30,000,09:31:30,507021,170.10900000,67300,960,11462736.00000000,163115.00000000,170.31100000,170.29800000,170.19800000,170.18500000,170.15000000,170.05200000,170.05100000,170.04900000,170.04800000,170.03600000,90,140,50,230,20,130,60,210,270,80,0,202.79800000,135.19800000,171.34800000,169.00000000,168.99800000
SZ127080,20230619,09:31:33,000,09:31:33,509232,169.91000000,69150,1850,11777254.00000000,314518.00000000,170.19800000,170.18500000,170.15000000,170.13900000,170.06600000,169.93100000,169.93000000,169.91400000,169.91300000,169.90800000,130,230,20,110,100,130,100,190,100,80,0,202.79800000,135.19800000,171.34800000,169.00000000,168.99800000
SZ127080,20230619,09:31:36,000,09:31:36,506867,170.09500000,70340,1190,11979542.00000000,202288.00000000,170.11300000,170.10900000,170.10800000,170.09500000,170.09400000,169.93400000,169.92900000,169.92700000,169.91400000,169.90500000,50,80,80,90,40,10,30,610,90,20,0,202.79800000,135.19800000,171.34800000,169.00000000,168.99800000
SZ127080,20230619,09:31:39,000,09:31:39,508894,170.10100000,70560,220,12016964.00000000,37422.00000000,170.15000000,170.11300000,170.10100000,170.06600000,170.06100000,169.93500000,169.92900000,169.91400000,169.90500000,169.85600000,20,50,30,120,70,30,30,90,20,110,0,202.79800000,135.19800000,171.34800000,169.00000000,168.99800000
SZ127080,20230619,09:31:42,000,09:31:42,506897,169.93100000,70850,290,12066258.00000000,49294.00000000,170.10900000,170.06600000,170.05200000,170.00600000,169.98700000,169.96400000,169.93100000,169.90800000,169.86100000,169.86000000,10,120,100,10,30,10,170,10,30,170,0,202.79800000,135.19800000,171.34800000,169.00000000,168.99800000
SZ127080,20230619,09:31:45,000,09:31:45,507342,169.93000000,71360,510,12152907.00000000,86649.00000000,169.93500000,169.93400000,169.92900000,169.92600000,169.92500000,169.85200000,169.84500000,169.83100000,169.80000000,169.79900000,270,250,100,40,50,20,10,30,10,150,0,202.79800000,135.19800000,171.34800000,169.00000000,168.99800000
SZ127080,20230619,09:31:48,000,09:31:48,497865,169.79900000,71730,370,12215750.00000000,62843.00000000,169.90000000,169.89800000,169.89700000,169.89600000,169.89100000,169.74300000,169.67700000,169.67200000,169.66500000,169.63000000,150,90,30,110,110,10,160,10,110,10,0,202.79800000,135.19800000,171.34800000,169.00000000,168.99800000
SZ127080,20230619,09:31:51,000,09:31:51,486714,170.31500000,75060,3330,12782191.00000000,566441.00000000,170.50000000,170.47800000,170.47500000,170.47300000,170.39600000,170.31500000,170.12800000,170.12300000,170.12100000,170.11100000,30,10,50,80,60,20,130,500,110,30,0,202.79800000,135.19800000,171.34800000,169.00000000,168.99800000
SZ127080,20230619,09:31:54,000,09:31:54,498787,170.60500000,75940,880,12932270.00000000,150079.00000000,170.81100000,170.80900000,170.80800000,170.79800000,170.79600000,170.60500000,170.60300000,170.60100000,170.58400000,170.58300000,40,120,40,110,10,20,120,90,60,30,0,202.79800000,135.19800000,171.34800000,169.00000000,168.99800000
SZ127080,20230619,09:31:57,000,09:31:57,497521,170.36300000,77510,1570,13199875.00000000,267605.00000000,170.59300000,170.59200000,170.59100000,170.58000000,170.57700000,170.36300000,170.36000000,170.35700000,170.31500000,170.13500000,110,50,100,110,50,50,20,70,20,110,0,202.79800000,135.19800000,171.34800000,169.00000000,168.99800000
SZ127080,20230619,09:32:00,000,09:32:00,484715,170.57400000,78860,1350,13430011.00000000,230136.00000000,170.82500000,170.82400000,170.82300000,170.81400000,170.81100000,170.40600000,170.40400000,170.40000000,170.39900000,170.39700000,10,20,80,110,20,70,260,70,90,70,0,202.79800000,135.19800000,171.34800000,169.00000000,168.99800000
SZ127080,20230619,09:32:03,000,09:32:03,486842,170.50600000,80350,1490,13684190.00000000,254179.00000000,170.79600000,170.79400000,170.75100000,170.58200000,170.58100000,170.49700000,170.43400000,170.43200000,170.43000000,170.42900000,70,390,50,30,10,100,160,40,50,110,0,202.79800000,135.19800000,171.34800000,169.00000000,168.99800000
SZ127080,20230619,09:32:06,000,09:32:06,495412,170.47200000,81780,1430,13928123.00000000,243933.00000000,170.74000000,170.73900000,170.60000000,170.56900000,170.56500000,170.47200000,170.46900000,170.46600000,170.39600000,170.37900000,110,10,10,10,110,90,30,30,100,110,0,202.79800000,135.19800000,171.34800000,169.00000000,168.99800000
SZ127080,20230619,09:32:09,000,09:32:09,508564,170.56900000,83090,1310,14151554.00000000,223431.00000000,170.60700000,170.58100000,170.57400000,170.57300000,170.56900000,170.45500000,170.40000000,170.39600000,170.31500000,170.13500000,220,30,10,70,80,250,160,100,20,110,0,202.79800000,135.19800000,171.34800000,169.00000000,168.99800000
SZ127080,20230619,09:32:12,000,09:32:12,497315,170.46100000,84190,1100,14339024.00000000,187470.00000000,170.48200000,170.47500000,170.46900000,170.46200000,170.46100000,170.32100000,170.31600000,170.31500000,170.13700000,170.13000000,80,40,60,120,290,240,100,20,720,10,0,202.79800000,135.19800000,171.34800000,169.00000000,168.99800000
SZ127080,20230619,09:32:15,000,09:32:15,497086,170.45500000,85420,1230,14548607.00000000,209583.00000000,170.56300000,170.56100000,170.55900000,170.55400000,170.55300000,170.22000000,170.21800000,170.21700000,170.21500000,170.21400000,110,200,70,90,20,70,180,70,660,60,0,202.79800000,135.19800000,171.34800000,169.00000000,168.99800000
SZ127080,20230619,09:32:18,000,09:32:18,487376,170.46100000,85790,370,14611689.00000000,63082.00000000,170.57300000,170.56300000,170.54700000,170.49100000,170.47700000,170.36400000,170.36100000,170.33200000,170.32800000,170.28500000,50,110,70,200,80,170,100,180,100,110,0,202.79800000,135.19800000,171.34800000,169.00000000,168.99800000
SZ127080,20230619,09:32:21,000,09:32:21,507412,170.27000000,86880,1090,14797279.00000000,185590.00000000,170.27200000,170.27100000,170.27000000,170.26900000,170.25900000,170.01500000,170.01100000,170.01000000,170.00000000,169.98700000,110,50,30,20,100,160,100,20,120,20,0,202.79800000,135.19800000,171.34800000,169.00000000,168.99800000
SZ127080,20230619,09:32:24,000,09:32:24,497996,169.99500000,88750,1870,15115102.00000000,317823.00000000,170.00100000,170.00000000,169.99800000,169.99700000,169.99600000,169.85800000,169.85200000,169.85000000,169.80000000,169.79800000,160,80,540,190,130,10,20,10,110,30,0,202.79800000,135.19800000,171.34800000,169.00000000,168.99800000
SZ127080,20230619,09:32:27,000,09:32:27,497883,169.74300000,89260,510,15201715.00000000,86613.00000000,169.79800000,169.79600000,169.79500000,169.78500000,169.78400000,169.63000000,169.61400000,169.51600000,169.50100000,169.50000000,30,90,110,150,270,10,10,630,100,40,0,202.79800000,135.19800000,171.34800000,169.00000000,168.99800000
SZ127080,20230619,09:32:30,000,09:32:30,487308,169.65400000,89760,500,15286540.00000000,84825.00000000,169.65700000,169.65600000,169.65400000,169.65300000,169.65100000,169.54200000,169.54100000,169.51600000,169.50100000,169.50000000,120,130,110,10,140,30,140,630,100,40,0,202.79800000,135.19800000,171.34800000,169.00000000,168.99800000
SZ127080,20230619,09:32:33,000,09:32:33,509107,169.84000000,93730,3970,15960173.00000000,673633.00000000,170.00300000,169.99800000,169.84700000,169.84600000,169.84100000,169.78400000,169.71100000,169.71000000,169.70100000,169.68700000,60,420,200,30,130,50,60,120,90,140,0,202.79800000,135.19800000,171.34800000,169.00000000,168.99800000
SZ127080,20230619,09:32:36,000,09:32:36,508800,169.87500000,94880,1150,16155571.00000000,195398.00000000,170.14800000,170.14400000,170.14200000,170.14000000,170.13900000,169.87500000,169.87400000,169.87000000,169.86300000,169.85200000,100,350,60,80,50,10,130,50,110,100,0,202.79800000,135.19800000,171.34800000,169.00000000,168.99800000
SZ127080,20230619,09:32:39,000,09:32:39,510012,169.84100000,95620,740,16281253.00000000,125682.00000000,170.10800000,170.08000000,169.98100000,169.96900000,169.96500000,169.80500000,169.80400000,169.78400000,169.76100000,169.75900000,20,100,110,90,100,30,20,100,50,100,0,202.79800000,135.19800000,171.34800000,169.00000000,168.99800000
SZ127080,20230619,09:32:42,000,09:32:42,486781,170.30400000,103000,7380,17539282.00000000,1258029.00000000,170.50000000,170.47900000,170.46800000,170.46700000,170.46500000,170.30600000,170.23400000,170.13900000,170.01500000,169.99600000,40,100,110,130,100,100,80,40,10,180,0,202.79800000,135.19800000,171.34800000,169.00000000,168.99800000
SZ127080,20230619,09:32:45,000,09:32:45,499217,170.25100000,104080,1080,17723288.00000000,184006.00000000,170.57500000,170.56600000,170.50000000,170.49900000,170.49200000,170.25300000,170.25100000,170.24100000,170.23900000,170.22800000,810,90,40,30,100,60,90,910,140,110,0,202.79800000,135.19800000,171.34800000,169.00000000,168.99800000
SZ127080,20230619,09:32:48,000,09:32:48,484611,170.60900000,107370,3290,18284373.00000000,561085.00000000,170.82500000,170.81100000,170.80000000,170.69900000,170.68700000,170.60900000,170.46200000,170.31100000,170.30100000,170.29800000,20,100,30,200,100,1660,100,70,50,160,0,202.79800000,135.19800000,171.34800000,169.00000000,168.99800000
SZ127080,20230619,09:32:51,000,09:32:51,496516,170.50200000,109080,1710,18576130.00000000,291757.00000000,170.60900000,170.60700000,170.60300000,170.60200000,170.60100000,170.50200000,170.50000000,170.49900000,170.46500000,170.31600000,30,60,160,30,100,140,310,10,20,180,0,202.79800000,135.19800000,171.34800000,169.00000000,168.99800000
SZ127080,20230619,09:32:54,000,09:32:54,491796,170.47300000,109610,530,18666483.00000000,90353.00000000,170.60900000,170.60100000,170.57500000,170.56700000,170.56500000,170.49200000,170.38100000,170.35800000,170.32000000,170.31800000,160,100,10,30,100,120,180,100,170,90,0,202.79800000,135.19800000,171.34800000,169.00000000,168.99800000
SZ127080,20230619,09:32:57,000,09:32:57,508578,170.54900000,109810,200,18700586.00000000,34103.00000000,170.57500000,170.56700000,170.56500000,170.56100000,170.54900000,170.36400000,170.36100000,170.35800000,170.32000000,170.29800000,10,30,100,100,20,40,180,100,170,160,0,202.79800000,135.19800000,171.34800000,169.00000000,168.99800000
SZ127080,20230619,09:33:00,000,09:33:00,497389,170.14000000,111797,1987,19038853.00000000,338267.00000000,170.20000000,170.19900000,170.19800000,170.19600000,170.19300000,170.03100000,170.02900000,170.01900000,170.01800000,170.01700000,150,190,100,100,80,40,110,40,20,220,0,202.79800000,135.19800000,171.34800000,169.00000000,168.99800000
SZ127080,20230619,09:33:03,000,09:33:03,498289,170.11500000,112187,390,19105192.00000000,66339.00000000,170.10600000,170.10200000,170.10000000,170.09900000,170.09700000,170.00000000,169.96500000,169.88400000,169.87500000,169.87400000,60,40,60,30,20,20,110,180,10,70,0,202.79800000,135.19800000,171.34800000,169.00000000,168.99800000
SZ127080,20230619,09:33:06,000,09:33:06,497548,169.88600000,112997,810,19242926.00000000,137734.00000000,170.07600000,170.07100000,170.07000000,170.00000000,169.99800000,169.88600000,169.87900000,169.87500000,169.87400000,169.85000000,40,50,50,170,80,90,170,10,70,20,0,202.79800000,135.19800000,171.34800000,169.00000000,168.99800000
SZ127080,20230619,09:33:09,000,09:33:09,497143,169.80400000,114937,1940,19572377.00000000,329451.00000000,169.98300000,169.98000000,169.95500000,169.94800000,169.77000000,169.67300000,169.66700000,169.65400000,169.65100000,169.65000000,150,350,40,110,50,110,120,20,10,20,0,202.79800000,135.19800000,171.34800000,169.00000000,168.99800000
SZ127080,20230619,09:33:12,000,09:33:12,508778,169.63000000,118107,3170,20110276.00000000,537899.00000000,169.94400000,169.93800000,169.93400000,169.80300000,169.77100000,169.64200000,169.63200000,169.63000000,169.59100000,169.59000000,330,100,350,10,20,100,50,50,30,10,0,202.79800000,135.19800000,171.34800000,169.00000000,168.99800000
SZ127080,20230619,09:33:15,000,09:33:15,495872,169.65200000,119247,1140,20303575.00000000,193299.00000000,169.68900000,169.67300000,169.66800000,169.66600000,169.65200000,169.50500000,169.50000000,169.45000000,169.40000000,169.38000000,110,10,350,100,100,100,30,20,50,100,0,202.79800000,135.19800000,171.34800000,169.00000000,168.99800000
SZ127080,20230619,09:33:18,000,09:33:18,505326,169.65200000,120057,810,20440936.00000000,137361.00000000,169.77100000,169.68900000,169.67300000,169.66800000,169.65200000,169.52700000,169.52500000,169.50500000,169.50000000,169.45000000,10,110,20,350,260,200,100,30,10,20,0,202.79800000,135.19800000,171.34800000,169.00000000,168.99800000
SZ127080,20230619,09:33:21,000,09:33:21,509093,169.68900000,120737,680,20556320.00000000,115384.00000000,169.88500000,169.88400000,169.84500000,169.84400000,169.84300000,169.69600000,169.69100000,169.68900000,169.67000000,169.64500000,30,100,40,30,30,100,100,20,100,180,0,202.79800000,135.19800000,171.34800000,169.00000000,168.99800000
SZ127080,20230619,09:33:24,000,09:33:24,497876,169.75800000,121347,610,20659889.00000000,103569.00000000,169.99400000,169.97200000,169.96600000,169.96400000,169.96200000,169.75800000,169.75700000,169.75500000,169.75400000,169.72800000,350,100,30,100,100,30,90,50,180,50,0,202.79800000,135.19800000,171.34800000,169.00000000,168.99800000
SZ127080,20230619,09:33:27,000,09:33:27,498016,169.75400000,121777,430,20732906.00000000,73017.00000000,169.92300000,169.92000000,169.91900000,169.91800000,169.91700000,169.70500000,169.70000000,169.67900000,169.67100000,169.67000000,100,90,90,20,90,180,100,210,100,100,0,202.79800000,135.19800000,171.34800000,169.00000000,168.99800000
SZ127080,20230619,09:33:30,000,09:33:30,496463,169.84400000,121957,180,20763490.00000000,30584.00000000,170.09500000,170.00000000,169.97200000,169.96200000,169.92300000,169.84400000,169.84300000,169.77100000,169.76800000,169.76500000,450,40,100,20,10,10,20,200,160,180,0,202.79800000,135.19800000,171.34800000,169.00000000,168.99800000
SZ127080,20230619,09:33:33,000,09:33:33,507070,169.84400000,122387,430,20836547.00000000,73057.00000000,170.11300000,170.09500000,170.00000000,169.99900000,169.96200000,169.84400000,169.84300000,169.78000000,169.77800000,169.77100000,470,450,60,110,20,20,20,200,180,200,0,202.79800000,135.19800000,171.34800000,169.00000000,168.99800000
SZ127080,20230619,09:33:36,000,09:33:36,496489,169.88000000,122637,250,20879020.00000000,42473.00000000,170.11300000,170.09500000,170.00000000,169.99000000,169.97700000,169.88000000,169.84400000,169.84300000,169.78000000,169.77800000,470,450,160,10,10,50,140,20,200,180,0,202.79800000,135.19800000,171.34800000,169.00000000,168.99800000
SZ127080,20230619,09:33:39,000,09:33:39,497569,169.89600000,122707,70,20890912.00000000,11892.00000000,170.09500000,170.00000000,169.99000000,169.97700000,169.96200000,169.92300000,169.88000000,169.84400000,169.84300000,169.77800000,450,160,10,10,30,260,10,140,20,180,0,202.79800000,135.19800000,171.34800000,169.00000000,168.99800000
SZ127080,20230619,09:33:42,000,09:33:42,497852,169.78100000,123857,1150,21086309.00000000,195397.00000000,169.99500000,169.99200000,169.98900000,169.98600000,169.88000000,169.78200000,169.78100000,169.77800000,169.77100000,169.75800000,20,180,60,70,10,30,80,180,200,10,0,202.79800000,135.19800000,171.34800000,169.00000000,168.99800000
SZ127080,20230619,09:33:45,000,09:33:45,487025,170.00000000,124437,580,21184889.00000000,98580.00000000,170.30800000,170.26200000,170.20000000,170.15200000,170.11100000,169.93000000,169.92900000,169.92800000,169.90600000,169.90500000,170,100,50,70,100,30,140,180,180,190,0,202.79800000,135.19800000,171.34800000,169.00000000,168.99800000
SZ127080,20230619,09:33:48,000,09:33:48,487491,170.06600000,124577,140,21208706.00000000,23817.00000000,170.49200000,170.30800000,170.26200000,170.20000000,170.15200000,170.06700000,170.06600000,170.05600000,170.05300000,170.03100000,250,170,100,50,20,180,330,150,280,170,0,202.79800000,135.19800000,171.34800000,169.00000000,168.99800000
SZ127080,20230619,09:33:51,000,09:33:51,496656,170.11100000,124777,200,21242715.00000000,34009.00000000,170.15200000,170.14700000,170.14500000,170.11100000,170.06600000,169.96200000,169.96100000,169.96000000,169.94200000,169.91700000,20,100,80,10,20,130,50,90,140,10,0,202.79800000,135.19800000,171.34800000,169.00000000,168.99800000
SZ127080,20230619,09:33:54,000,09:33:54,496422,169.94000000,125757,980,21409360.00000000,166645.00000000,170.06700000,170.06400000,170.05000000,170.04600000,170.04500000,169.92700000,169.91700000,169.88000000,169.84300000,169.81100000,110,70,190,100,100,50,10,230,2870,110,0,202.79800000,135.19800000,171.34800000,169.00000000,168.99800000
SZ127080,20230619,09:33:57,000,09:33:57,508991,170.00700000,126107,350,21468873.00000000,59513.00000000,170.30800000,170.20000000,170.17300000,170.16100000,170.16000000,170.00600000,170.00200000,169.99300000,169.98600000,169.97600000,170,50,80,180,60,120,190,110,180,110,0,202.79800000,135.19800000,171.34800000,169.00000000,168.99800000
SZ127080,20230619,09:34:00,000,09:34:00,496629,169.96300000,126657,550,21562383.00000000,93510.00000000,170.12100000,170.11800000,170.09600000,170.09200000,170.09100000,169.96300000,169.96200000,169.91700000,169.88000000,169.84300000,60,30,100,200,10,10,280,10,230,2870,0,202.79800000,135.19800000,171.34800000,169.00000000,168.99800000
SZ127080,20230619,09:34:03,000,09:34:03,498078,170.27400000,127867,1210,21768342.00000000,205959.00000000,170.42900000,170.42700000,170.42300000,170.42100000,170.41700000,170.27000000,170.26400000,170.26300000,170.17900000,170.16500000,100,60,170,40,140,80,70,40,180,10,0,202.79800000,135.19800000,171.34800000,169.00000000,168.99800000
SZ127080,20230619,09:34:06,000,09:34:06,508190,170.37100000,129327,1460,22016964.00000000,248622.00000000,170.49200000,170.47800000,170.47100000,170.46900000,170.46800000,170.37500000,170.37100000,170.27500000,170.27300000,170.26900000,250,10,140,30,50,80,10,30,10,100,0,202.79800000,135.19800000,171.34800000,169.00000000,168.99800000
SZ127080,20230619,09:34:09,000,09:34:09,506976,170.27000000,130777,1450,22264043.00000000,247079.00000000,170.35600000,170.35200000,170.34900000,170.34800000,170.27000000,170.15000000,170.11500000,170.10700000,170.10000000,170.09200000,120,140,10,100,10,100,180,180,200,10,0,202.79800000,135.19800000,171.34800000,169.00000000,168.99800000
SZ127080,20230619,09:34:12,000,09:34:12,499610,170.10700000,131417,640,22372928.00000000,108885.00000000,170.20200000,170.19800000,170.19600000,170.19500000,170.19300000,170.10700000,170.09200000,170.09100000,170.04900000,170.00700000,60,140,140,110,20,10,10,70,190,10,0,202.79800000,135.19800000,171.34800000,169.00000000,168.99800000
SZ127080,20230619,09:34:15,000,09:34:15,509292,170.31500000,132097,680,22488687.00000000,115759.00000000,170.40000000,170.38800000,170.37500000,170.37100000,170.37000000,170.28500000,170.28300000,170.28200000,170.28100000,170.27000000,40,220,800,10,40,110,40,30,90,30,0,202.79800000,135.19800000,171.34800000,169.00000000,168.99800000
SZ127080,20230619,09:34:18,000,09:34:18,485836,170.27000000,132787,690,22606178.00000000,117491.00000000,170.35200000,170.33500000,170.33300000,170.33200000,170.32200000,170.19500000,170.19300000,170.15700000,170.15300000,170.10300000,110,40,100,20,70,80,10,150,90,210,0,202.79800000,135.19800000,171.34800000,169.00000000,168.99800000
SZ127080,20230619,09:34:21,000,09:34:21,497585,170.15700000,132997,210,22641918.00000000,35740.00000000,170.31300000,170.31200000,170.31000000,170.28100000,170.27100000,170.15700000,170.15300000,170.12000000,170.10300000,170.10100000,60,60,100,50,50,110,90,10,210,80,0,202.79800000,135.19800000,171.34800000,169.00000000,168.99800000
SZ127080,20230619,09:34:24,000,09:34:24,497815,170.20000000,133947,950,22803605.00000000,161687.00000000,170.28500000,170.28100000,170.27000000,170.26700000,170.20000000,170.15400000,170.15300000,170.15200000,170.15000000,170.12000000,10,50,500,130,60,40,30,20,30,10,0,202.79800000,135.19800000,171.34800000,169.00000000,168.99800000
SZ127080,20230619,09:34:27,000,09:34:27,497753,170.27000000,134637,690,22921084.00000000,117479.00000000,170.32200000,170.31500000,170.28500000,170.28100000,170.27000000,170.20500000,170.20100000,170.20000000,170.19800000,170.19600000,80,30,20,50,50,50,30,200,80,90,0,202.79800000,135.19800000,171.34800000,169.00000000,168.99800000
SZ127080,20230619,09:34:30,000,09:34:30,497497,170.20600000,134727,90,22936406.00000000,15322.00000000,170.32200000,170.31500000,170.28500000,170.28100000,170.27000000,170.20600000,170.20500000,170.20000000,170.19800000,170.16900000,80,30,20,50,10,20,50,200,80,210,0,202.79800000,135.19800000,171.34800000,169.00000000,168.99800000
SZ127080,20230619,09:34:33,000,09:34:33,508130,170.32200000,135077,350,22996003.00000000,59597.00000000,170.48000000,170.40000000,170.37500000,170.37100000,170.35200000,170.29400000,170.29100000,170.28500000,170.27100000,170.26000000,10,40,850,60,110,150,110,10,50,10,0,202.79800000,135.19800000,171.34800000,169.00000000,168.99800000
SZ127080,20230619,09:34:36,000,09:34:36,486930,170.27000000,135507,430,23069214.00000000,73211.00000000,170.40000000,170.37500000,170.37100000,170.33600000,170.33500000,170.27000000,170.20600000,170.20500000,170.20000000,170.15700000,40,850,60,20,200,180,110,20,310,10,0,202.79800000,135.19800000,171.34800000,169.00000000,168.99800000
SZ127080,20230619,09:34:39,000,09:34:39,496366,170.33500000,135557,50,23077729.00000000,8515.00000000,170.37500000,170.37100000,170.35200000,170.33600000,170.33500000,170.27000000,170.20600000,170.20500000,170.20000000,170.15700000,50,60,20,20,180,150,110,20,330,10,0,202.79800000,135.19800000,171.34800000,169.00000000,168.99800000
SZ127080,20230619,09:34:42,000,09:34:42,497369,170.29400000,137747,2190,23450794.00000000,373065.00000000,170.46600000,170.46500000,170.46300000,170.45600000,170.45400000,170.28300000,170.28200000,170.27700000,170.27500000,170.27300000,100,90,220,130,60,140,110,140,120,70,0,202.79800000,135.19800000,171.34800000,169.00000000,168.99800000
SZ127080,20230619,09:34:45,000,09:34:45,499090,170.27000000,138487,740,23576815.00000000,126021.00000000,170.45400000,170.44300000,170.40000000,170.39900000,170.39000000,170.27000000,170.20600000,170.20500000,170.20000000,170.15700000,60,100,20,60,20,110,110,20,270,10,0,202.79800000,135.19800000,171.34800000,169.00000000,168.99800000
SZ127080,20230619,09:34:48,000,09:34:48,488042,170.27000000,138637,150,23602362.00000000,25547.00000000,170.46500000,170.46300000,170.44300000,170.40000000,170.35200000,170.33500000,170.27000000,170.20600000,170.20500000,170.20000000,90,220,100,20,180,20,80,110,20,270,0,202.79800000,135.19800000,171.34800000,169.00000000,168.99800000
SZ127080,20230619,09:34:51,000,09:34:51,508802,170.50000000,139937,1300,23823891.00000000,221529.00000000,170.55500000,170.54900000,170.52000000,170.50200000,170.50000000,170.41700000,170.41500000,170.41100000,170.40500000,170.39500000,10,10,20,10,60,30,150,50,30,60,0,202.79800000,135.19800000,171.34800000,169.00000000,168.99800000
SZ127080,20230619,09:34:54,000,09:34:54,485363,170.37400000,140627,690,23941464.00000000,117573.00000000,170.49600000,170.48100000,170.47800000,170.47300000,170.41700000,170.29400000,170.29300000,170.29200000,170.28700000,170.28600000,120,100,60,210,10,130,70,260,20,60,0,202.79800000,135.19800000,171.34800000,169.00000000,168.99800000
SZ127080,20230619,09:34:57,000,09:34:57,498870,170.49900000,141397,770,24072689.00000000,131225.00000000,170.52000000,170.50200000,170.50000000,170.49900000,170.48000000,170.41200000,170.40000000,170.36800000,170.35200000,170.29400000,20,10,30,10,20,170,1000,80,20,40,0,202.79800000,135.19800000,171.34800000,169.00000000,168.99800000
SZ127080,20230619,09:35:00,000,09:35:00,508562,170.37400000,142727,1330,24299313.00000000,226624.00000000,170.39400000,170.39300000,170.37400000,170.37200000,170.35300000,170.27000000,170.21000000,170.20600000,170.20500000,170.20000000,60,250,10,20,10,80,210,110,20,270,0,202.79800000,135.19800000,171.34800000,169.00000000,168.99800000
SZ127080,20230619,09:35:03,000,09:35:03,485306,170.21000000,143047,320,24353793.00000000,54480.00000000,170.35800000,170.34800000,170.34500000,170.30000000,170.29400000,170.21100000,170.21000000,170.20600000,170.20500000,170.20000000,20,220,110,220,10,180,50,110,20,270,0,202.79800000,135.19800000,171.34800000,169.00000000,168.99800000
SZ127080,20230619,09:35:06,000,09:35:06,487930,170.21000000,143777,730,24478078.00000000,124285.00000000,170.34300000,170.31000000,170.30400000,170.30200000,170.29800000,170.21000000,170.20500000,170.20000000,170.12000000,170.09300000,1110,100,50,140,130,50,20,40,10,60,0,202.79800000,135.19800000,171.34800000,169.00000000,168.99800000
SZ127080,20230619,09:35:09,000,09:35:09,498321,170.41200000,144347,570,24575149.00000000,97071.00000000,170.50000000,170.49900000,170.48000000,170.47600000,170.47300000,170.28300000,170.28000000,170.27800000,170.27600000,170.27400000,250,70,430,50,100,150,120,110,220,260,0,202.79800000,135.19800000,171.34800000,169.00000000,168.99800000
SZ127080,20230619,09:35:12,000,09:35:12,496888,170.31500000,144477,130,24597302.00000000,22153.00000000,170.48000000,170.47600000,170.47300000,170.47000000,170.46900000,170.31000000,170.30800000,170.30400000,170.29100000,170.27800000,430,50,20,100,10,130,260,40,90,110,0,202.79800000,135.19800000,171.34800000,169.00000000,168.99800000
SZ127080,20230619,09:35:15,000,09:35:15,498491,170.47000000,144487,10,24599007.00000000,1705.00000000,170.50000000,170.49900000,170.48000000,170.47600000,170.47300000,170.36200000,170.36100000,170.35800000,170.34800000,170.34600000,270,70,430,50,20,70,120,260,110,10,0,202.79800000,135.19800000,171.34800000,169.00000000,168.99800000
SZ127080,20230619,09:35:18,000,09:35:18,507521,170.42400000,144787,300,24650131.00000000,51124.00000000,170.48000000,170.47600000,170.47300000,170.47000000,170.46300000,170.42400000,170.42300000,170.42100000,170.41800000,170.40000000,430,50,10,10,20,20,30,100,200,30,0,202.79800000,135.19800000,171.34800000,169.00000000,168.99800000
SZ127080,20230619,09:35:21,000,09:35:21,485552,170.41800000,145967,1180,24851312.00000000,201181.00000000,170.53400000,170.52200000,170.52100000,170.52000000,170.51900000,170.41800000,170.40000000,170.33700000,170.33500000,170.31500000,70,60,80,40,130,180,30,20,90,70,0,202.79800000,135.19800000,171.34800000,169.00000000,168.99800000
SZ127080,20230619,09:35:24,000,09:35:24,496825,170.49800000,146407,440,24926307.00000000,74995.00000000,170.52100000,170.52000000,170.50000000,170.49800000,170.49700000,170.34700000,170.34600000,170.34500000,170.34100000,170.33700000,80,40,20,50,60,30,100,20,260,20,0,202.79800000,135.19800000,171.34800000,169.00000000,168.99800000
SZ127080,20230619,09:35:27,000,09:35:27,498817,170.34700000,146597,190,24958686.00000000,32379.00000000,170.49800000,170.46300000,170.45200000,170.45100000,170.44900000,170.34700000,170.33700000,170.33500000,170.31500000,170.21000000,50,100,70,60,60,10,20,90,70,230,0,202.79800000,135.19800000,171.34800000,169.00000000,168.99800000
SZ127080,20230619,09:35:30,000,09:35:30,494453,170.40000000,146707,110,24977430.00000000,18744.00000000,170.52000000,170.50000000,170.49800000,170.46300000,170.44900000,170.33800000,170.33700000,170.33500000,170.31500000,170.21000000,10,20,50,100,60,70,20,90,70,230,0,202.79800000,135.19800000,171.34800000,169.00000000,168.99800000
SZ127080,20230619,09:35:33,000,09:35:33,498120,170.40000000,146897,190,25009795.00000000,32365.00000000,170.41300000,170.40000000,170.39900000,170.39700000,170.39600000,170.26200000,170.25700000,170.23900000,170.23500000,170.22900000,110,10,10,80,160,210,20,260,50,50,0,202.79800000,135.19800000,171.34800000,169.00000000,168.99800000
SZ127080,20230619,09:35:36,000,09:35:36,509489,170.20400000,147337,440,25084691.00000000,74896.00000000,170.31500000,170.30700000,170.20900000,170.20600000,170.20400000,170.12100000,170.12000000,170.09300000,170.08000000,170.01000000,580,100,100,90,30,50,10,60,10,450,0,202.79800000,135.19800000,171.34800000,169.00000000,168.99800000
SZ127080,20230619,09:35:39,000,09:35:39,486971,170.33500000,147567,230,25123850.00000000,39159.00000000,170.39600000,170.39500000,170.34700000,170.33800000,170.33700000,170.20500000,170.20400000,170.16400000,170.16300000,170.16100000,90,10,160,10,60,30,10,130,40,260,0,202.79800000,135.19800000,171.34800000,169.00000000,168.99800000
SZ127080,20230619,09:35:42,000,09:35:42,497498,170.16400000,147867,300,25174915.00000000,51065.00000000,170.31400000,170.31200000,170.31000000,170.30800000,170.30500000,170.13700000,170.13400000,170.13100000,170.12000000,170.09300000,100,110,160,190,330,80,120,20,10,60,0,202.79800000,135.19800000,171.34800000,169.00000000,168.99800000
SZ127080,20230619,09:35:45,000,09:35:45,497382,169.98800000,149337,1470,25424858.00000000,249943.00000000,170.09500000,170.09400000,170.09200000,169.99800000,169.98800000,169.90000000,169.88800000,169.82600000,169.80000000,169.78100000,150,200,110,80,90,30,10,50,60,80,0,202.79800000,135.19800000,171.34800000,169.00000000,168.99800000
SZ127080,20230619,09:35:48,000,09:35:48,498080,170.21900000,150717,1380,25659594.00000000,234736.00000000,170.27900000,170.27800000,170.27400000,170.27100000,170.26600000,170.10900000,170.10400000,170.09600000,169.98800000,169.93800000,110,110,100,50,150,150,100,30,20,520,0,202.79800000,135.19800000,171.34800000,169.00000000,168.99800000
SZ127080,20230619,09:35:51,000,09:35:51,496228,170.05200000,151767,1050,25838200.00000000,178606.00000000,170.27500000,170.27400000,170.27300000,170.27200000,170.26900000,170.06100000,170.06000000,170.05500000,170.05400000,170.05200000,100,390,70,830,50,110,190,80,210,10,0,202.79800000,135.19800000,171.34800000,169.00000000,168.99800000
SZ127080,20230619,09:35:54,000,09:35:54,498184,170.13700000,152007,240,25879029.00000000,40829.00000000,170.27300000,170.27200000,170.19500000,170.19300000,170.19100000,170.11000000,170.10900000,170.05500000,170.05400000,170.02900000,70,830,20,30,120,30,10,190,210,100,0,202.79800000,135.19800000,171.34800000,169.00000000,168.99800000
SZ127080,20230619,09:35:57,000,09:35:57,485772,170.19300000,152177,170,25907959.00000000,28930.00000000,170.33500000,170.27300000,170.27200000,170.19500000,170.19300000,170.11400000,170.11300000,170.10900000,170.05500000,170.05400000,10,70,830,20,10,30,260,10,190,210,0,202.79800000,135.19800000,171.34800000,169.00000000,168.99800000
SZ127080,20230619,09:36:00,000,09:36:00,497544,170.30600000,152407,230,25947125.00000000,39166.00000000,170.33700000,170.33500000,170.32300000,170.31100000,170.30800000,170.19100000,170.14800000,170.14500000,170.14400000,170.13900000,10,10,20,40,60,20,260,30,70,50,0,202.79800000,135.19800000,171.34800000,169.00000000,168.99800000
SZ127080,20230619,09:36:03,000,09:36:03,498049,170.27500000,152707,300,25998201.00000000,51076.00000000,170.33500000,170.30700000,170.30300000,170.28200000,170.23900000,170.11800000,170.11400000,170.11200000,170.10200000,170.10000000,10,10,30,60,20,260,150,10,10,40,0,202.79800000,135.19800000,171.34800000,169.00000000,168.99800000
SZ127080,20230619,09:36:06,000,09:36:06,486443,170.00100000,152987,280,26045840.00000000,47639.00000000,170.14800000,170.13900000,170.11900000,170.11300000,170.11200000,170.00000000,169.98800000,169.93600000,169.92100000,169.90000000,10,40,20,70,80,120,110,110,110,210,0,202.79800000,135.19800000,171.34800000,169.00000000,168.99800000
SZ127080,20230619,09:36:09,000,09:36:09,496106,170.00100000,153877,890,26197200.00000000,151360.00000000,170.10800000,170.10700000,170.10500000,170.10300000,170.09800000,169.98300000,169.92700000,169.91700000,169.90800000,169.90000000,30,20,70,160,170,20,30,110,100,810,0,202.79800000,135.19800000,171.34800000,169.00000000,168.99800000
SZ127080,20230619,09:36:12,000,09:36:12,498320,170.10800000,154747,870,26345058.00000000,147858.00000000,170.20500000,170.11800000,170.10800000,170.10700000,170.06300000,169.94600000,169.94000000,169.93800000,169.93700000,169.93600000,20,50,20,10,110,110,110,70,140,130,0,202.79800000,135.19800000,171.34800000,169.00000000,168.99800000
SZ127080,20230619,09:36:15,000,09:36:15,507685,170.08700000,155147,400,26413085.00000000,68027.00000000,170.30700000,170.30600000,170.30000000,170.29700000,170.20500000,170.10200000,170.10100000,170.09300000,170.09200000,170.08000000,10,60,150,60,20,90,90,70,90,100,0,202.79800000,135.19800000,171.34800000,169.00000000,168.99800000
SZ127080,20230619,09:36:18,000,09:36:18,498848,170.50000000,157237,2090,26769168.00000000,356083.00000000,170.57500000,170.56500000,170.55800000,170.52000000,170.50000000,170.42100000,170.41900000,170.34000000,170.33900000,170.26500000,100,40,50,10,70,80,30,40,10,110,0,202.79800000,135.19800000,171.34800000,169.00000000,168.99800000
SZ127080,20230619,09:36:21,000,09:36:21,487333,170.39100000,157497,260,26813477.00000000,44309.00000000,170.57500000,170.56500000,170.55800000,170.52000000,170.50000000,170.39100000,170.39000000,170.38500000,170.38400000,170.37600000,100,40,50,10,40,120,60,70,80,80,0,202.79800000,135.19800000,171.34800000,169.00000000,168.99800000
SZ127080,20230619,09:36:24,000,09:36:24,496053,170.41900000,157667,170,26842451.00000000,28974.00000000,170.57500000,170.56500000,170.55800000,170.52000000,170.50000000,170.42000000,170.41900000,170.41800000,170.41300000,170.41000000,100,40,50,10,10,30,40,70,100,70,0,202.79800000,135.19800000,171.34800000,169.00000000,168.99800000
SZ127080,20230619,09:36:27,000,09:36:27,497654,170.37400000,158157,490,26925952.00000000,83501.00000000,170.49800000,170.49600000,170.49000000,170.39100000,170.38800000,170.34100000,170.33900000,170.25600000,170.22200000,170.20900000,100,120,40,170,50,100,10,140,110,110,0,202.79800000,135.19800000,171.34800000,169.00000000,168.99800000
SZ127080,20230619,09:36:30,000,09:36:30,496729,170.50000000,159777,1620,27202213.00000000,276261.00000000,170.68000000,170.65300000,170.61500000,170.60900000,170.60000000,170.50600000,170.50100000,170.50000000,170.43100000,170.41300000,40,10,100,90,50,310,160,620,110,90,0,202.79800000,135.19800000,171.34800000,169.00000000,168.99800000
SZ127080,20230619,09:36:33,000,09:36:33,496716,170.52000000,159897,120,27222676.00000000,20463.00000000,170.68000000,170.65300000,170.61500000,170.60900000,170.60000000,170.52000000,170.51900000,170.51400000,170.50000000,170.43100000,40,10,100,90,10,160,110,120,480,110,0,202.79800000,135.19800000,171.34800000,169.00000000,168.99800000
SZ127080,20230619,09:36:36,000,09:36:36,496794,170.56700000,160837,940,27382969.00000000,160293.00000000,170.61500000,170.60900000,170.60000000,170.56800000,170.56700000,170.50000000,170.43100000,170.41300000,170.39900000,170.39800000,100,90,10,50,10,310,110,90,60,100,0,202.79800000,135.19800000,171.34800000,169.00000000,168.99800000
SZ127080,20230619,09:36:39,000,09:36:39,497364,170.50000000,161157,320,27437536.00000000,54567.00000000,170.60900000,170.60000000,170.56800000,170.55000000,170.54900000,170.50000000,170.43100000,170.41300000,170.39900000,170.39800000,90,10,10,10,100,300,110,90,60,100,0,202.79800000,135.19800000,171.34800000,169.00000000,168.99800000
SZ127080,20230619,09:36:42,000,09:36:42,496838,170.59600000,162177,1020,27611490.00000000,173954.00000000,170.61500000,170.60900000,170.60000000,170.59800000,170.59600000,170.45400000,170.45300000,170.44900000,170.44200000,170.43100000,100,90,20,70,20,70,150,120,100,110,0,202.79800000,135.19800000,171.34800000,169.00000000,168.99800000
SZ127080,20230619,09:36:45,000,09:36:45,497845,170.43100000,162617,440,27686481.00000000,74991.00000000,170.59500000,170.51300000,170.50000000,170.49300000,170.43100000,170.38800000,170.37400000,170.26500000,170.25600000,170.22200000,80,20,10,40,70,210,110,10,140,110,0,202.79800000,135.19800000,171.34800000,169.00000000,168.99800000
SZ127080,20230619,09:36:48,000,09:36:48,498581,170.59400000,164707,2090,28042956.00000000,356475.00000000,170.60300000,170.60100000,170.59600000,170.59400000,170.59300000,170.50000000,170.40700000,170.40600000,170.39800000,170.38800000,90,120,140,140,90,10,480,90,490,100,0,202.79800000,135.19800000,171.34800000,169.00000000,168.99800000
SZ127080,20230619,09:36:51,000,09:36:51,496505,170.59300000,165057,350,28102646.00000000,59690.00000000,170.61500000,170.60900000,170.60100000,170.59400000,170.59300000,170.47000000,170.46900000,170.46800000,170.46600000,170.46500000,100,90,120,140,50,50,350,120,70,100,0,202.79800000,135.19800000,171.34800000,169.00000000,168.99800000
SZ127080,20230619,09:36:54,000,09:36:54,497215,170.59400000,165127,70,28114587.00000000,11941.00000000,170.58800000,170.58600000,170.58400000,170.58200000,170.58100000,170.48500000,170.47000000,170.45600000,170.43100000,170.40700000,100,90,100,30,10,30,50,40,50,480,0,202.79800000,135.19800000,171.34800000,169.00000000,168.99800000
SZ127080,20230619,09:36:57,000,09:36:57,496154,170.57300000,165227,100,28131643.00000000,17056.00000000,170.59000000,170.58600000,170.58400000,170.57400000,170.57300000,170.45900000,170.45600000,170.43100000,170.40700000,170.40600000,10,90,90,100,20,100,40,50,480,90,0,202.79800000,135.19800000,171.34800000,169.00000000,168.99800000
SZ127080,20230619,09:37:00,000,09:37:00,487573,170.57400000,165267,40,28138465.00000000,6822.00000000,170.59400000,170.59000000,170.58600000,170.58400000,170.57400000,170.45700000,170.45600000,170.43100000,170.40600000,170.39800000,120,10,90,90,80,70,40,50,90,490,0,202.79800000,135.19800000,171.34800000,169.00000000,168.99800000
SZ127080,20230619,09:37:03,000,09:37:03,501083,170.56900000,165797,530,28228846.00000000,90381.00000000,170.60900000,170.59600000,170.59000000,170.58600000,170.58400000,170.43900000,170.43400000,170.43200000,170.43100000,170.40600000,90,520,10,90,90,130,100,50,40,90,0,202.79800000,135.19800000,171.34800000,169.00000000,168.99800000
SZ127080,20230619,09:37:06,000,09:37:06,498723,170.86000000,167547,1750,28527574.00000000,298728.00000000,170.95000000,170.91800000,170.90000000,170.89000000,170.88000000,170.69200000,170.68500000,170.68200000,170.68100000,170.68000000,20,360,10,210,50,110,140,70,220,70,0,202.79800000,135.19800000,171.34800000,169.00000000,168.99800000
SZ127080,20230619,09:37:09,000,09:37:09,509842,170.67100000,167837,290,28577090.00000000,49516.00000000,170.82500000,170.82400000,170.82100000,170.81900000,170.81800000,170.61300000,170.61200000,170.59300000,170.58400000,170.57400000,80,50,100,60,160,50,80,100,60,60,0,202.79800000,135.19800000,171.34800000,169.00000000,168.99800000
SZ127080,20230619,09:37:12,000,09:37:12,498703,170.47500000,168477,640,28686265.00000000,109175.00000000,170.68500000,170.67700000,170.66900000,170.58300000,170.58100000,170.47500000,170.47400000,170.43100000,170.39800000,170.38800000,110,110,20,10,60,40,50,40,490,100,0,202.79800000,135.19800000,171.34800000,169.00000000,168.99800000
SZ127080,20230619,09:37:15,000,09:37:15,498125,170.23900000,169557,1080,28870288.00000000,184023.00000000,170.37900000,170.37100000,170.30000000,170.26500000,170.26400000,170.15600000,170.15200000,170.15000000,170.11200000,170.10000000,70,90,80,70,220,160,100,20,10,210,0,202.79800000,135.19800000,171.34800000,169.00000000,168.99800000
SZ127080,20230619,09:37:18,000,09:37:18,497615,170.40600000,170637,1080,29054201.00000000,183913.00000000,170.41400000,170.40700000,170.37000000,170.36600000,170.36500000,170.23900000,170.22500000,170.15700000,170.15000000,170.11200000,180,10,40,100,10,30,100,90,20,10,0,202.79800000,135.19800000,171.34800000,169.00000000,168.99800000
SZ127080,20230619,09:37:21,000,09:37:21,495879,170.56600000,171817,1180,29255335.00000000,201134.00000000,170.69200000,170.57300000,170.57100000,170.56900000,170.56600000,170.43400000,170.43200000,170.42700000,170.41200000,170.41000000,500,470,340,470,20,100,220,100,260,210,0,202.79800000,135.19800000,171.34800000,169.00000000,168.99800000
SZ127080,20230619,09:37:24,000,09:37:24,496363,170.56600000,171817,0,29255335.00000000,0.00000000,170.80300000,170.69200000,170.57300000,170.57100000,170.56600000,170.50000000,170.42700000,170.40800000,170.39000000,170.35400000,190,500,470,340,20,600,100,50,110,30,0,202.79800000,135.19800000,171.34800000,169.00000000,168.99800000
SZ127080,20230619,09:37:27,000,09:37:27,505490,170.56600000,171967,150,29280919.00000000,25584.00000000,170.88000000,170.86000000,170.81800000,170.80300000,170.69200000,170.58100000,170.58000000,170.57800000,170.56700000,170.51600000,50,30,280,190,500,370,120,150,50,100,0,202.79800000,135.19800000,171.34800000,169.00000000,168.99800000
SZ127080,20230619,09:37:30,000,09:37:30,506130,170.69200000,172837,870,29429380.00000000,148461.00000000,170.89000000,170.88000000,170.86000000,170.81800000,170.80000000,170.71000000,170.70700000,170.69200000,170.61100000,170.60100000,210,50,30,280,30,140,50,80,220,120,0,202.79800000,135.19800000,171.34800000,169.00000000,168.99800000
SZ127080,20230619,09:37:33,000,09:37:33,485939,170.88300000,174057,1220,29637842.00000000,208462.00000000,171.00800000,171.00000000,170.99900000,170.99800000,170.98000000,170.88300000,170.88100000,170.82900000,170.70700000,170.61100000,10,2560,130,120,10,20,30,40,50,220,0,202.79800000,135.19800000,171.34800000,169.00000000,168.99800000
SZ127080,20230619,09:37:36,000,09:37:36,497559,170.70900000,175357,1300,29859876.00000000,222034.00000000,170.93700000,170.93400000,170.93300000,170.88300000,170.82900000,170.73100000,170.73000000,170.71000000,170.70700000,170.69200000,100,150,100,10,10,70,100,50,50,10,0,202.79800000,135.19800000,171.34800000,169.00000000,168.99800000
SZ127080,20230619,09:37:39,000,09:37:39,495614,170.80400000,175587,230,29899155.00000000,39279.00000000,170.93400000,170.88300000,170.86000000,170.82900000,170.81200000,170.71500000,170.71400000,170.69200000,170.62500000,170.62200000,90,10,10,10,140,60,40,20,90,90,0,202.79800000,135.19800000,171.34800000,169.00000000,168.99800000
SZ127080,20230619,09:37:42,000,09:37:42,488083,170.80200000,176107,520,29987995.00000000,88840.00000000,170.91100000,170.91000000,170.88300000,170.87800000,170.87700000,170.80200000,170.80000000,170.69200000,170.62500000,170.62200000,100,40,100,60,80,20,20,20,90,90,0,202.79800000,135.19800000,171.34800000,169.00000000,168.99800000
SZ127080,20230619,09:37:45,000,09:37:45,506410,170.88300000,176527,420,30059754.00000000,71759.00000000,171.00000000,170.99900000,170.99800000,170.98000000,170.96700000,170.83400000,170.83300000,170.83200000,170.83000000,170.82900000,2580,130,120,10,100,150,30,40,90,650,0,202.79800000,135.19800000,171.34800000,169.00000000,168.99800000
SZ127080,20230619,09:37:48,000,09:37:48,495992,170.86000000,176697,170,30088811.00000000,29057.00000000,171.00000000,170.99900000,170.99800000,170.98000000,170.96600000,170.86000000,170.85400000,170.84800000,170.84400000,170.83600000,2580,130,120,10,30,120,70,10,100,50,0,202.79800000,135.19800000,171.34800000,169.00000000,168.99800000
SZ127080,20230619,09:37:51,000,09:37:51,485550,171.00000000,176947,250,30131559.00000000,42748.00000000,171.03600000,171.03500000,171.03300000,171.00800000,171.00000000,170.90300000,170.90200000,170.88700000,170.87700000,170.86500000,100,360,60,10,2490,70,70,150,20,130,0,202.79800000,135.19800000,171.34800000,169.00000000,168.99800000
SZ127080,20230619,09:37:54,000,09:37:54,498263,170.90300000,180557,3610,30748907.00000000,617348.00000000,171.09300000,171.09100000,171.09000000,171.08500000,170.95700000,170.87700000,170.86100000,170.86000000,170.82900000,170.81200000,40,100,70,140,40,250,20,120,660,1490,0,202.79800000,135.19800000,171.34800000,169.00000000,168.99800000
SZ127080,20230619,09:37:57,000,09:37:57,488152,170.90300000,181417,860,30895902.00000000,146995.00000000,171.09100000,171.09000000,170.95700000,170.95600000,170.95400000,170.87800000,170.87700000,170.86100000,170.86000000,170.82900000,100,20,60,60,50,40,140,20,490,160,0,202.79800000,135.19800000,171.34800000,169.00000000,168.99800000
SZ127080,20230619,09:38:00,000,09:38:00,497097,171.08000000,181777,360,30957459.00000000,61557.00000000,171.30000000,171.28800000,171.27300000,171.20000000,171.08000000,171.01700000,171.01600000,171.00000000,170.95700000,170.89500000,900,100,100,290,30,70,20,540,30,50,0,202.79800000,135.19800000,171.34800000,169.00000000,168.99800000
SZ127080,20230619,09:38:03,000,09:38:03,497175,171.01700000,181907,130,30979697.00000000,22238.00000000,171.28800000,171.27300000,171.20000000,171.15900000,171.15800000,171.00000000,170.95700000,170.95400000,170.91200000,170.90900000,100,100,290,100,10,550,420,50,90,50,0,202.79800000,135.19800000,171.34800000,169.00000000,168.99800000
SZ127080,20230619,09:38:06,000,09:38:06,498383,171.07500000,182017,110,30998517.00000000,18820.00000000,171.19600000,171.19400000,171.18500000,171.18300000,171.18200000,171.07500000,171.07400000,171.02700000,171.01400000,171.00000000,100,20,80,30,50,30,80,30,60,730,0,202.79800000,135.19800000,171.34800000,169.00000000,168.99800000
SZ127080,20230619,09:38:09,000,09:38:09,498616,171.34400000,184217,2200,31375329.00000000,376812.00000000,171.44400000,171.43900000,171.42400000,171.40000000,171.39900000,171.34400000,171.25300000,171.24400000,171.12500000,171.12000000,80,10,30,180,40,300,60,140,500,210,0,202.79800000,135.19800000,171.40000000,169.00000000,168.99800000
SZ127080,20230619,09:38:12,000,09:38:12,498110,171.20000000,185007,790,31510668.00000000,135339.00000000,171.29900000,171.29600000,171.29000000,171.28700000,171.28500000,171.18200000,171.15900000,171.15800000,171.08700000,171.08000000,100,140,120,10,30,50,150,80,80,140,0,202.79800000,135.19800000,171.40000000,169.00000000,168.99800000
SZ127080,20230619,09:38:15,000,09:38:15,498600,171.15800000,185647,640,31620240.00000000,109572.00000000,171.28700000,171.27300000,171.27200000,171.20000000,171.15800000,171.08900000,171.08700000,171.08000000,171.00000000,170.96700000,10,30,100,20,40,130,80,130,520,30,0,202.79800000,135.19800000,171.40000000,169.00000000,168.99800000
SZ127080,20230619,09:38:18,000,09:38:18,506741,171.28500000,188177,2530,32053464.00000000,433224.00000000,171.28500000,171.28300000,171.21900000,171.21800000,171.20800000,171.09400000,171.09200000,171.09100000,171.08000000,171.00000000,660,150,200,10,110,230,100,110,130,710,0,202.79800000,135.19800000,171.40000000,169.00000000,168.99800000
SZ127080,20230619,09:38:21,000,09:38:21,497978,171.18200000,188887,710,32174969.00000000,121505.00000000,171.28300000,171.21900000,171.21800000,171.20900000,171.18200000,171.08200000,171.08000000,171.00000000,170.96700000,170.95700000,150,200,10,220,130,10,130,710,30,510,0,202.79800000,135.19800000,171.40000000,169.00000000,168.99800000
SZ127080,20230619,09:38:24,000,09:38:24,497229,171.09400000,189827,940,32335834.00000000,160865.00000000,171.28300000,171.21900000,171.21800000,171.20800000,171.18200000,171.08600000,171.08000000,171.01300000,171.00000000,170.96700000,150,200,10,140,40,180,170,180,770,30,0,202.79800000,135.19800000,171.40000000,169.00000000,168.99800000
SZ127080,20230619,09:38:27,000,09:38:27,497482,171.15800000,190317,490,32419714.00000000,83880.00000000,171.28300000,171.28200000,171.28000000,171.27900000,171.27800000,171.15800000,171.10100000,171.09900000,171.08000000,171.00000000,130,50,40,30,140,10,80,100,20,860,0,202.79800000,135.19800000,171.40000000,169.00000000,168.99800000
SZ127080,20230619,09:38:30,000,09:38:30,496736,171.18200000,190867,550,32513849.00000000,94135.00000000,171.28200000,171.28000000,171.27800000,171.20000000,171.18200000,171.00900000,171.00800000,171.00700000,171.00500000,171.00400000,50,20,140,590,1170,220,70,100,90,160,0,202.79800000,135.19800000,171.40000000,169.00000000,168.99800000
SZ127080,20230619,09:38:33,000,09:38:33,496298,171.08300000,194457,3590,33128384.00000000,614535.00000000,171.20000000,171.19900000,171.18900000,171.18200000,171.15800000,171.08300000,171.08200000,171.00800000,171.00500000,171.00000000,590,50,150,210,30,10,10,70,90,860,0,202.79800000,135.19800000,171.40000000,169.00000000,168.99800000
SZ127080,20230619,09:38:36,000,09:38:36,496668,171.28500000,195917,1460,33378368.00000000,249984.00000000,171.36600000,171.35000000,171.34400000,171.30000000,171.28500000,171.19000000,171.18900000,171.18600000,171.18500000,171.18200000,10,20,330,30,740,20,140,30,40,450,0,202.79800000,135.19800000,171.40000000,169.00000000,168.99800000
SZ127080,20230619,09:38:39,000,09:38:39,486947,171.27000000,196647,730,33503352.00000000,124984.00000000,171.35000000,171.34400000,171.30000000,171.28500000,171.28200000,171.18200000,171.18000000,171.15800000,171.11000000,171.09400000,20,330,120,740,20,30,10,20,220,100,0,202.79800000,135.19800000,171.40000000,169.00000000,168.99800000
SZ127080,20230619,09:38:42,000,09:38:42,486474,171.19200000,196887,240,33544435.00000000,41083.00000000,171.34400000,171.30000000,171.28500000,171.28200000,171.28000000,171.19200000,171.18300000,171.18200000,171.15800000,171.09500000,330,120,740,20,10,10,70,30,10,190,0,202.79800000,135.19800000,171.40000000,169.00000000,168.99800000
SZ127080,20230619,09:38:45,000,09:38:45,497346,171.28500000,197127,240,33585542.00000000,41107.00000000,171.37500000,171.36600000,171.34400000,171.30000000,171.28500000,171.20500000,171.20400000,171.20300000,171.18200000,171.16000000,10,10,330,120,610,70,90,150,30,60,0,202.79800000,135.19800000,171.40000000,169.00000000,168.99800000
SZ127080,20230619,09:38:48,000,09:38:48,486422,171.29200000,198347,1220,33794533.00000000,208991.00000000,171.44000000,171.43900000,171.42400000,171.40000000,171.39900000,171.29200000,171.28800000,171.28500000,171.28200000,171.28000000,50,10,30,220,50,20,70,10,20,100,0,202.79800000,135.19800000,171.40000000,169.00000000,168.99800000
SZ127080,20230619,09:38:51,000,09:38:51,496215,171.29100000,198837,490,33878469.00000000,83936.00000000,171.42400000,171.40000000,171.39900000,171.37400000,171.37300000,171.29100000,171.28300000,171.28000000,171.27000000,171.25000000,30,220,10,100,10,10,70,130,430,220,0,202.79800000,135.19800000,171.40000000,169.00000000,168.99800000
SZ127080,20230619,09:38:54,000,09:38:54,496779,171.33000000,202067,3230,34431965.00000000,553496.00000000,171.51800000,171.50000000,171.49800000,171.49300000,171.49100000,171.33000000,171.29700000,171.29300000,171.29000000,171.28900000,20,1210,1140,130,140,170,100,10,30,10,0,202.79800000,135.19800000,171.50000000,169.00000000,168.99800000
SZ127080,20230619,09:38:57,000,09:38:57,496823,171.39900000,202837,770,34563953.00000000,131988.00000000,171.50000000,171.49800000,171.49100000,171.47600000,171.47500000,171.39900000,171.33000000,171.29700000,171.29300000,171.29000000,1210,1140,30,120,100,390,170,920,10,10,0,202.79800000,135.19800000,171.50000000,169.00000000,168.99800000
SZ127080,20230619,09:39:00,000,09:39:00,506515,171.34900000,204127,1290,34784991.00000000,221038.00000000,171.49800000,171.49100000,171.39900000,171.34900000,171.32100000,171.30100000,171.30000000,171.29700000,171.29000000,171.28500000,1140,30,20,70,10,60,20,500,10,150,0,202.79800000,135.19800000,171.50000000,169.00000000,168.99800000
SZ127080,20230619,09:39:03,000,09:39:03,497422,171.28000000,205787,1660,35069311.00000000,284320.00000000,171.29500000,171.29400000,171.28400000,171.28000000,171.27000000,171.08900000,171.08700000,171.08300000,171.08200000,171.01300000,100,30,220,20,50,110,100,110,10,180,0,202.79800000,135.19800000,171.50000000,169.00000000,168.99800000
SZ127080,20230619,09:39:06,000,09:39:06,487075,171.24900000,206237,450,35146362.00000000,77051.00000000,171.29500000,171.29000000,171.27600000,171.25000000,171.20000000,171.15500000,171.15400000,171.15300000,171.09000000,171.08700000,100,20,70,170,80,50,70,20,20,100,0,202.79800000,135.19800000,171.50000000,169.00000000,168.99800000
SZ127080,20230619,09:39:09,000,09:39:09,487310,171.24500000,206667,430,35219980.00000000,73618.00000000,171.30100000,171.30000000,171.29500000,171.29000000,171.28000000,171.10200000,171.10100000,171.09900000,171.09500000,171.09000000,10,50,100,20,60,70,120,100,50,20,0,202.79800000,135.19800000,171.50000000,169.00000000,168.99800000
SZ127080,20230619,09:39:12,000,09:39:12,485021,171.08900000,207297,630,35327777.00000000,107797.00000000,171.29000000,171.24900000,171.15300000,171.10000000,171.08900000,171.02000000,171.01900000,171.00000000,170.95700000,170.90300000,20,20,10,150,140,30,20,260,500,30,0,202.79800000,135.19800000,171.50000000,169.00000000,168.99800000
SZ127080,20230619,09:39:15,000,09:39:15,485482,170.90800000,208557,1260,35543225.00000000,215448.00000000,171.08700000,171.07800000,171.02400000,171.00000000,170.99700000,170.90700000,170.90300000,170.90000000,170.88000000,170.82900000,50,90,100,150,160,40,30,10,20,200,0,202.79800000,135.19800000,171.50000000,169.00000000,168.99800000
SZ127080,20230619,09:39:18,000,09:39:18,498281,171.09900000,209217,660,35656106.00000000,112881.00000000,171.15500000,171.15300000,171.10200000,171.10100000,171.09900000,171.01000000,171.00900000,170.99800000,170.91300000,170.91000000,70,10,10,10,10,40,50,60,210,100,0,202.79800000,135.19800000,171.50000000,169.00000000,168.99800000
SZ127080,20230619,09:39:21,000,09:39:21,496321,171.10300000,209567,350,35715976.00000000,59870.00000000,171.27900000,171.24900000,171.24500000,171.15500000,171.15300000,171.10300000,171.10200000,171.09100000,171.02300000,171.02200000,70,260,80,50,10,30,50,30,200,200,0,202.79800000,135.19800000,171.50000000,169.00000000,168.99800000
SZ127080,20230619,09:39:24,000,09:39:24,497626,171.14900000,209647,80,35729666.00000000,13690.00000000,171.24500000,171.15500000,171.15300000,171.15000000,171.11700000,171.03500000,171.03400000,171.02600000,171.02300000,171.02200000,80,50,10,50,50,30,40,50,200,100,0,202.79800000,135.19800000,171.50000000,169.00000000,168.99800000
SZ127080,20230619,09:39:27,000,09:39:27,507520,171.10300000,210307,660,35842599.00000000,112933.00000000,171.30000000,171.29000000,171.27900000,171.24900000,171.24500000,171.15300000,171.09900000,171.05200000,171.04300000,171.04000000,330,180,70,260,80,50,940,200,100,220,0,202.79800000,135.19800000,171.50000000,169.00000000,168.99800000
SZ127080,20230619,09:39:30,000,09:39:30,497524,171.23200000,210507,200,35876837.00000000,34238.00000000,171.24900000,171.24500000,171.24200000,171.23300000,171.23200000,171.14000000,171.13000000,171.11700000,171.10500000,171.10000000,260,80,100,50,40,10,220,20,220,50,0,202.79800000,135.19800000,171.50000000,169.00000000,168.99800000
SZ127080,20230619,09:39:33,000,09:39:33,495616,171.15000000,210627,120,35897377.00000000,20540.00000000,171.24900000,171.24500000,171.22900000,171.22800000,171.22700000,171.15000000,171.11700000,171.09900000,171.05200000,171.04300000,260,80,140,20,50,200,20,820,110,100,0,202.79800000,135.19800000,171.50000000,169.00000000,168.99800000
SZ127080,20230619,09:39:36,000,09:39:36,509068,171.25300000,211227,600,36000110.00000000,102733.00000000,171.33000000,171.30100000,171.30000000,171.29000000,171.27900000,171.21700000,171.21600000,171.21200000,171.17300000,171.15600000,120,10,380,110,70,120,30,90,20,160,0,202.79800000,135.19800000,171.50000000,169.00000000,168.99800000
SZ127080,20230619,09:39:39,000,09:39:39,496888,171.32000000,212507,1280,36219347.00000000,219237.00000000,171.40000000,171.39900000,171.37500000,171.37400000,171.37200000,171.26000000,171.25500000,171.23300000,171.22700000,171.22000000,70,140,50,140,100,30,20,20,40,200,0,202.79800000,135.19800000,171.50000000,169.00000000,168.99800000
SZ127080,20230619,09:39:42,000,09:39:42,498219,171.22700000,212957,450,36296406.00000000,77059.00000000,171.37200000,171.37100000,171.37000000,171.36900000,171.35900000,171.22700000,171.20100000,171.18200000,171.15300000,171.15000000,100,50,90,50,70,720,100,40,10,110,0,202.79800000,135.19800000,171.50000000,169.00000000,168.99800000
SZ127080,20230619,09:39:45,000,09:39:45,497425,171.39900000,214147,1190,36500233.00000000,203827.00000000,171.45000000,171.42100000,171.40000000,171.39900000,171.39800000,171.29100000,171.28000000,171.27900000,171.26200000,171.22700000,200,10,70,30,50,50,70,20,90,30,0,202.79800000,135.19800000,171.50000000,169.00000000,168.99800000
SZ127080,20230619,09:39:48,000,09:39:48,498450,171.27900000,215117,970,36666449.00000000,166216.00000000,171.35200000,171.35100000,171.31500000,171.31400000,171.27300000,171.26200000,171.22700000,171.20100000,171.18200000,171.15300000,60,40,10,20,20,90,30,100,40,10,0,202.79800000,135.19800000,171.50000000,169.00000000,168.99800000
SZ127080,20230619,09:39:51,000,09:39:51,487707,171.23400000,215327,210,36702424.00000000,35975.00000000,171.42100000,171.40000000,171.39900000,171.39700000,171.29100000,171.23400000,171.22700000,171.20100000,171.18200000,171.15300000,10,70,110,130,20,60,130,100,40,10,0,202.79800000,135.19800000,171.50000000,169.00000000,168.99800000
SZ127080,20230619,09:39:54,000,09:39:54,485669,171.22800000,215457,130,36724687.00000000,22263.00000000,171.40000000,171.39900000,171.39700000,171.32300000,171.26200000,171.22800000,171.22700000,171.20100000,171.18200000,171.15300000,60,110,130,20,10,60,130,100,40,10,0,202.79800000,135.19800000,171.50000000,169.00000000,168.99800000
SZ127080,20230619,09:39:57,000,09:39:57,486271,171.15000000,216087,630,36832548.00000000,107861.00000000,171.21100000,171.20700000,171.20100000,171.19900000,171.19800000,171.11700000,171.10300000,171.05200000,171.00000000,170.99700000,90,230,100,120,220,10,100,110,150,70,0,202.79800000,135.19800000,171.50000000,169.00000000,168.99800000
SZ127080,20230619,09:40:00,000,09:40:00,486827,170.99700000,217037,950,36995019.00000000,162471.00000000,171.10100000,171.05200000,171.05000000,170.99900000,170.99700000,170.91700000,170.91100000,170.90900000,170.90800000,170.90700000,120,200,90,100,40,100,210,30,10,30,0,202.79800000,135.19800000,171.50000000,169.00000000,168.99800000
SZ127080,20230619,09:40:03,000,09:40:03,496992,171.04700000,217217,180,37025799.00000000,30780.00000000,171.10100000,171.05200000,171.05000000,171.04800000,171.04700000,170.94200000,170.94100000,170.93800000,170.93500000,170.93400000,120,200,80,90,40,20,190,220,50,140,0,202.79800000,135.19800000,171.50000000,169.00000000,168.99800000
SZ127080,20230619,09:40:06,000,09:40:06,497977,171.00200000,217747,530,37116458.00000000,90659.00000000,171.20000000,171.19600000,171.12400000,171.11700000,171.11300000,171.00200000,170.99700000,170.96400000,170.96100000,170.93500000,100,120,10,20,10,30,20,190,110,50,0,202.79800000,135.19800000,171.50000000,169.00000000,168.99800000
SZ127080,20230619,09:40:09,000,09:40:09,510410,170.92800000,217917,170,37145529.00000000,29071.00000000,171.10100000,171.04700000,171.04600000,171.04500000,171.04400000,170.92900000,170.90900000,170.90800000,170.90700000,170.90300000,140,10,110,50,100,50,30,10,30,40,0,202.79800000,135.19800000,171.50000000,169.00000000,168.99800000
SZ127080,20230619,09:40:12,000,09:40:12,495597,170.77900000,218577,660,37258298.00000000,112769.00000000,170.87100000,170.82900000,170.82200000,170.82100000,170.77900000,170.69200000,170.60200000,170.59800000,170.58700000,170.50300000,40,200,90,280,100,80,30,30,50,10,0,202.79800000,135.19800000,171.50000000,169.00000000,168.99800000
SZ127080,20230619,09:40:15,000,09:40:15,496508,170.68700000,219217,640,37367581.00000000,109283.00000000,170.82100000,170.81700000,170.81600000,170.70100000,170.68700000,170.63100000,170.63000000,170.61100000,170.60600000,170.60200000,30,20,10,10,50,110,10,190,10,30,0,202.79800000,135.19800000,171.50000000,169.00000000,168.99800000
SZ127080,20230619,09:40:18,000,09:40:18,496178,170.61400000,219517,300,37418767.00000000,51186.00000000,170.62600000,170.61600000,170.61500000,170.61400000,170.61300000,170.50400000,170.50300000,170.50000000,170.40800000,170.40600000,20,10,50,50,160,50,10,230,50,200,0,202.79800000,135.19800000,171.50000000,169.00000000,168.99800000
SZ127080,20230619,09:40:21,000,09:40:21,485398,170.61400000,219717,200,37452890.00000000,34123.00000000,170.67800000,170.67700000,170.63100000,170.61500000,170.59400000,170.51400000,170.51200000,170.51100000,170.50800000,170.50400000,20,60,50,50,80,190,30,100,10,50,0,202.79800000,135.19800000,171.50000000,169.00000000,168.99800000
SZ127080,20230619,09:40:24,000,09:40:24,486479,170.63300000,220277,560,37548432.00000000,95542.00000000,170.69200000,170.68300000,170.68200000,170.68100000,170.68000000,170.63300000,170.54500000,170.53200000,170.51100000,170.50300000,40,50,30,60,40,20,50,60,100,10,0,202.79800000,135.19800000,171.50000000,169.00000000,168.99800000
SZ127080,20230619,09:40:27,000,09:40:27,498939,170.55100000,220367,90,37563788.00000000,15356.00000000,170.69200000,170.68100000,170.68000000,170.63100000,170.62900000,170.53200000,170.51100000,170.50300000,170.50000000,170.49400000,40,60,20,10,60,60,100,250,130,10,0,202.79800000,135.19800000,171.50000000,169.00000000,168.99800000
SZ127080,20230619,09:40:30,000,09:40:30,496126,170.61200000,220547,180,37594498.00000000,30710.00000000,170.68000000,170.63300000,170.61400000,170.61200000,170.61100000,170.55000000,170.54600000,170.50300000,170.50000000,170.49400000,20,1000,30,10,180,20,110,250,130,10,0,202.79800000,135.19800000,171.50000000,169.00000000,168.99800000
SZ127080,20230619,09:40:33,000,09:40:33,496605,170.61400000,223347,2800,38072303.00000000,477805.00000000,170.82600000,170.82200000,170.82000000,170.81800000,170.81700000,170.61400000,170.61300000,170.51600000,170.50500000,170.50300000,90,250,70,150,150,30,10,180,520,250,0,202.79800000,135.19800000,171.50000000,169.00000000,168.99800000
SZ127080,20230619,09:40:36,000,09:40:36,498134,170.68000000,223717,370,38135432.00000000,63129.00000000,170.73300000,170.72700000,170.70700000,170.70500000,170.70400000,170.62900000,170.61100000,170.55100000,170.53200000,170.51900000,110,120,80,110,60,150,10,130,430,110,0,202.79800000,135.19800000,171.50000000,169.00000000,168.99800000
SZ127080,20230619,09:40:39,000,09:40:39,484749,170.61100000,224047,330,38191741.00000000,56309.00000000,170.73300000,170.72700000,170.70700000,170.70500000,170.70400000,170.61400000,170.56900000,170.55100000,170.51900000,170.50300000,110,120,80,110,10,50,100,130,110,250,0,202.79800000,135.19800000,171.50000000,169.00000000,168.99800000
SZ127080,20230619,09:40:42,000,09:40:42,485708,170.61400000,224357,310,38244629.00000000,52888.00000000,170.67000000,170.64200000,170.64000000,170.62900000,170.62800000,170.55100000,170.50300000,170.50000000,170.49400000,170.40800000,100,110,60,50,10,130,250,150,10,50,0,202.79800000,135.19800000,171.50000000,169.00000000,168.99800000
SZ127080,20230619,09:40:45,000,09:40:45,507134,170.61300000,225017,660,38357221.00000000,112592.00000000,170.70500000,170.64200000,170.63500000,170.61400000,170.61300000,170.54000000,170.53000000,170.52600000,170.50600000,170.50400000,110,110,110,10,140,70,10,110,20,50,0,202.79800000,135.19800000,171.50000000,169.00000000,168.99800000
SZ127080,20230619,09:40:48,000,09:40:48,509810,170.73300000,225687,670,38471594.00000000,114373.00000000,170.89500000,170.86900000,170.86800000,170.86400000,170.86200000,170.74200000,170.73300000,170.66000000,170.64800000,170.64700000,70,100,70,250,70,60,170,20,30,60,0,202.79800000,135.19800000,171.50000000,169.00000000,168.99800000
SZ127080,20230619,09:40:51,000,09:40:51,496606,170.69300000,226127,440,38546716.00000000,75122.00000000,170.89800000,170.86900000,170.86600000,170.85500000,170.85400000,170.69300000,170.67300000,170.67200000,170.66300000,170.63800000,30,100,120,10,30,60,60,50,180,110,0,202.79800000,135.19800000,171.50000000,169.00000000,168.99800000
SZ127080,20230619,09:40:54,000,09:40:54,486138,170.69300000,226127,0,38546716.00000000,0.00000000,170.89800000,170.86900000,170.86600000,170.85500000,170.85400000,170.69300000,170.67300000,170.67200000,170.66300000,170.63800000,30,100,120,10,30,60,60,50,180,110,0,202.79800000,135.19800000,171.50000000,169.00000000,168.99800000
SZ127080,20230619,09:40:57,000,09:40:57,498441,170.86500000,226267,140,38570636.00000000,23920.00000000,170.90900000,170.89800000,170.89500000,170.86600000,170.86500000,170.73000000,170.72900000,170.72600000,170.72100000,170.71800000,100,30,100,120,10,30,70,10,190,40,0,202.79800000,135.19800000,171.50000000,169.00000000,168.99800000
SZ127080,20230619,09:41:00,000,09:41:00,485828,170.86500000,226267,0,38570636.00000000,0.00000000,170.89800000,170.89500000,170.86600000,170.86300000,170.86200000,170.75700000,170.72900000,170.71800000,170.67600000,170.66300000,30,100,120,100,30,60,70,40,180,180,0,202.79800000,135.19800000,171.50000000,169.00000000,168.99800000
SZ127080,20230619,09:41:03,000,09:41:03,497066,170.72900000,226317,50,38579175.00000000,8539.00000000,170.89500000,170.86600000,170.86300000,170.86200000,170.85800000,170.71800000,170.69300000,170.67600000,170.66300000,170.64000000,100,120,100,20,140,40,20,180,180,10,0,202.79800000,135.19800000,171.50000000,169.00000000,168.99800000
SZ127080,20230619,09:41:06,000,09:41:06,497075,170.73000000,226407,90,38594542.00000000,15367.00000000,170.86200000,170.85800000,170.84600000,170.84500000,170.83500000,170.76700000,170.73200000,170.73100000,170.71800000,170.69300000,10,140,50,10,10,60,30,50,40,20,0,202.79800000,135.19800000,171.50000000,169.00000000,168.99800000
SZ127080,20230619,09:41:09,000,09:41:09,486013,170.71800000,226797,390,38661144.00000000,66602.00000000,170.80000000,170.79900000,170.79100000,170.78900000,170.78800000,170.71800000,170.69300000,170.66300000,170.64000000,170.62800000,70,10,120,70,70,10,20,180,10,160,0,202.79800000,135.19800000,171.50000000,169.00000000,168.99800000
SZ127080,20230619,09:41:12,000,09:41:12,497381,170.62800000,227177,380,38725991.00000000,64847.00000000,170.77800000,170.73000000,170.72900000,170.70000000,170.69000000,170.61300000,170.60000000,170.54000000,170.50300000,170.50000000,130,110,110,100,240,40,70,70,300,250,0,202.79800000,135.19800000,171.50000000,169.00000000,168.99800000
SZ127080,20230619,09:41:15,000,09:41:15,497423,170.54000000,227337,160,38753284.00000000,27293.00000000,170.69000000,170.61100000,170.60000000,170.59900000,170.59700000,170.54000000,170.50300000,170.50000000,170.40800000,170.40100000,240,110,220,10,120,20,300,250,50,10,0,202.79800000,135.19800000,171.50000000,169.00000000,168.99800000
SZ127080,20230619,09:41:18,000,09:41:18,495568,170.80200000,229657,2320,39149313.00000000,396029.00000000,170.86200000,170.85900000,170.85700000,170.84500000,170.84300000,170.74100000,170.73700000,170.72000000,170.61100000,170.60200000,10,120,30,40,170,140,150,220,720,220,0,202.79800000,135.19800000,171.50000000,169.00000000,168.99800000
SZ127080,20230619,09:41:21,000,09:41:21,497451,170.90900000,230857,1200,39354331.00000000,205018.00000000,171.11700000,171.10000000,171.04700000,171.00200000,171.00000000,170.91100000,170.90900000,170.89900000,170.89800000,170.89200000,20,10,10,10,390,90,100,130,160,30,0,202.79800000,135.19800000,171.50000000,169.00000000,168.99800000
SZ127080,20230619,09:41:24,000,09:41:24,485994,170.91100000,230887,30,39359460.00000000,5129.00000000,171.04700000,171.00200000,171.00000000,170.99900000,170.99500000,170.91100000,170.89200000,170.85700000,170.78800000,170.70300000,10,10,400,90,10,20,30,30,10,260,0,202.79800000,135.19800000,171.50000000,169.00000000,168.99800000
SZ127080,20230619,09:41:27,000,09:41:27,498865,170.89200000,230917,30,39364587.00000000,5127.00000000,171.00000000,170.99900000,170.99500000,170.99400000,170.99300000,170.79100000,170.78900000,170.78800000,170.75900000,170.70100000,400,90,10,100,10,100,100,10,110,110,0,202.79800000,135.19800000,171.50000000,169.00000000,168.99800000
SZ127080,20230619,09:41:30,000,09:41:30,486388,170.80200000,231217,300,39415827.00000000,51240.00000000,171.00200000,171.00000000,170.99900000,170.98500000,170.98400000,170.86500000,170.86400000,170.82400000,170.80400000,170.79100000,10,400,90,100,10,40,180,60,140,100,0,202.79800000,135.19800000,171.50000000,169.00000000,168.99800000
SZ127080,20230619,09:41:33,000,09:41:33,486074,171.01500000,231977,760,39545810.00000000,129983.00000000,171.23400000,171.22800000,171.21800000,171.20000000,171.12400000,171.02100000,171.02000000,171.01800000,171.01200000,170.99000000,10,120,20,250,10,70,120,110,110,300,0,202.79800000,135.19800000,171.50000000,169.00000000,168.99800000
SZ127080,20230619,09:41:36,000,09:41:36,485432,171.01500000,232167,190,39578307.00000000,32497.00000000,171.12000000,171.11700000,171.11300000,171.11100000,171.11000000,170.99400000,170.99300000,170.99000000,170.92800000,170.86700000,140,40,10,40,60,40,130,300,60,110,0,202.79800000,135.19800000,171.50000000,169.00000000,168.99800000
SZ127080,20230619,09:41:39,000,09:41:39,497933,170.99300000,232337,170,39607376.00000000,29069.00000000,171.10800000,171.10700000,171.10400000,171.07700000,171.06200000,171.00200000,171.00000000,170.99000000,170.98400000,170.92800000,60,60,120,10,10,70,20,300,10,60,0,202.79800000,135.19800000,171.50000000,169.00000000,168.99800000
SZ127080,20230619,09:41:42,000,09:41:42,496531,171.12400000,232647,310,39660420.00000000,53044.00000000,171.22800000,171.21800000,171.20000000,171.19500000,171.19100000,171.12400000,171.00600000,171.00400000,171.00300000,171.00200000,120,20,250,120,140,160,170,80,80,70,0,202.79800000,135.19800000,171.50000000,169.00000000,168.99800000
SZ127080,20230619,09:41:45,000,09:41:45,497474,171.12400000,232807,160,39687800.00000000,27380.00000000,171.18300000,171.12400000,171.12200000,171.11800000,171.11700000,171.01100000,171.01000000,171.00600000,171.00400000,171.00300000,50,10,60,140,50,150,80,170,80,80,0,202.79800000,135.19800000,171.50000000,169.00000000,168.99800000
SZ127080,20230619,09:41:48,000,09:41:48,497106,170.89200000,233587,780,39821188.00000000,133388.00000000,171.00100000,170.99400000,170.98800000,170.98400000,170.98200000,170.89200000,170.84300000,170.82400000,170.80000000,170.79500000,40,50,40,140,10,100,30,60,60,300,0,202.79800000,135.19800000,171.50000000,169.00000000,168.99800000
SZ127080,20230619,09:41:51,000,09:41:51,475239,170.99900000,234007,420,39893005.00000000,71817.00000000,171.08100000,171.04200000,171.00200000,171.00100000,170.99900000,170.89600000,170.89500000,170.89200000,170.84300000,170.82400000,100,60,420,180,20,70,120,110,30,60,0,202.79800000,135.19800000,171.50000000,169.00000000,168.99800000
SZ127080,20230619,09:41:54,000,09:41:54,498127,171.01100000,234697,690,40011003.00000000,117998.00000000,171.11000000,171.10000000,171.08100000,171.07800000,171.01100000,170.91600000,170.91500000,170.89200000,170.84300000,170.82400000,10,160,40,60,10,150,160,110,30,60,0,202.79800000,135.19800000,171.50000000,169.00000000,168.99800000
SZ127080,20230619,09:41:57,000,09:41:57,485895,171.08100000,234917,220,40048636.00000000,37633.00000000,171.20000000,171.18500000,171.12400000,171.11000000,171.10000000,170.99200000,170.98300000,170.98200000,170.91600000,170.91500000,290,100,210,10,160,100,70,10,80,90,0,202.79800000,135.19800000,171.50000000,169.00000000,168.99800000
SZ127080,20230619,09:42:00,000,09:42:00,485652,171.20900000,236347,1430,40293461.00000000,244825.00000000,171.39800000,171.39700000,171.39500000,171.38400000,171.31000000,171.21900000,171.21800000,171.21600000,171.20000000,171.16700000,30,130,80,100,60,70,80,80,180,170,0,202.79800000,135.19800000,171.50000000,169.00000000,168.99800000
SZ127080,20230619,09:42:03,000,09:42:03,496737,171.28400000,236557,210,40329430.00000000,35969.00000000,171.39800000,171.39700000,171.39600000,171.39300000,171.39200000,171.28400000,171.28300000,171.24700000,171.20000000,171.16700000,30,130,50,100,40,80,110,60,180,170,0,202.79800000,135.19800000,171.50000000,169.00000000,168.99800000
SZ127080,20230619,09:42:06,000,09:42:06,496952,171.30800000,236837,280,40377407.00000000,47977.00000000,171.42100000,171.40000000,171.39900000,171.39800000,171.39700000,171.30800000,171.30700000,171.30500000,171.30200000,171.29800000,10,150,110,30,40,50,60,20,60,30,0,202.79800000,135.19800000,171.50000000,169.00000000,168.99800000
SZ127080,20230619,09:42:09,000,09:42:09,497336,171.20600000,237317,480,40459620.00000000,82213.00000000,171.39200000,171.39000000,171.38900000,171.31000000,171.28400000,171.20600000,171.20000000,171.11000000,171.10000000,171.08100000,20,170,100,220,50,60,180,10,20,100,0,202.79800000,135.19800000,171.50000000,169.00000000,168.99800000
SZ127080,20230619,09:42:12,000,09:42:12,497189,171.12200000,237937,620,40565806.00000000,106186.00000000,171.39200000,171.39000000,171.31000000,171.30800000,171.30700000,171.15400000,171.14900000,171.12200000,171.12100000,171.11100000,80,170,70,40,30,150,60,120,100,50,0,202.79800000,135.19800000,171.50000000,169.00000000,168.99800000
SZ127080,20230619,09:42:15,000,09:42:15,505384,171.19400000,238437,500,40651374.00000000,85568.00000000,171.27200000,171.23700000,171.19200000,171.18100000,171.17800000,171.03600000,171.01100000,170.99900000,170.98200000,170.89200000,1510,350,150,220,160,110,150,20,10,40,0,202.79800000,135.19800000,171.50000000,169.00000000,168.99800000
SZ127080,20230619,09:42:18,000,09:42:18,487528,171.17700000,238807,370,40714697.00000000,63323.00000000,171.23700000,171.19200000,171.18100000,171.15400000,171.15300000,171.03600000,171.01100000,170.99900000,170.98200000,170.89200000,350,150,50,120,40,30,150,20,10,40,0,202.79800000,135.19800000,171.50000000,169.00000000,168.99800000
SZ127080,20230619,09:42:21,000,09:42:21,497415,170.96300000,239467,660,40827573.00000000,112876.00000000,171.15400000,171.15300000,171.09700000,171.03600000,171.03500000,170.90300000,170.89900000,170.89800000,170.89600000,170.89400000,60,50,10,20,30,120,70,100,260,130,0,202.79800000,135.19800000,171.50000000,169.00000000,168.99800000
SZ127080,20230619,09:42:24,000,09:42:24,498582,171.03500000,239587,120,40848103.00000000,20530.00000000,171.17800000,171.15400000,171.15100000,171.15000000,171.03500000,170.91300000,170.91000000,170.89800000,170.89200000,170.84300000,10,60,430,20,10,100,70,100,40,30,0,202.79800000,135.19800000,171.50000000,169.00000000,168.99800000
SZ127080,20230619,09:42:27,000,09:42:27,508199,171.03500000,239607,20,40851524.00000000,3421.00000000,171.17800000,171.15400000,171.15100000,171.15000000,171.03500000,170.92100000,170.91500000,170.91400000,170.89800000,170.89200000,10,60,430,20,190,130,70,60,100,40,0,202.79800000,135.19800000,171.50000000,169.00000000,168.99800000
SZ127080,20230619,09:42:30,000,09:42:30,497801,171.03300000,239697,90,40866917.00000000,15393.00000000,171.15100000,171.15000000,171.03500000,171.03300000,171.03200000,170.92300000,170.92200000,170.91400000,170.90000000,170.89800000,430,20,250,20,50,50,70,60,20,100,0,202.79800000,135.19800000,171.50000000,169.00000000,168.99800000
SZ127080,20230619,09:42:33,000,09:42:33,485903,170.95600000,240197,500,40952440.00000000,85523.00000000,171.20600000,171.20000000,171.15400000,171.15000000,171.14800000,170.95800000,170.95500000,170.95300000,170.94200000,170.92300000,130,90,60,20,10,50,180,110,260,50,0,202.79800000,135.19800000,171.50000000,169.00000000,168.99800000
SZ127080,20230619,09:42:36,000,09:42:36,497692,170.92100000,240617,420,41024290.00000000,71850.00000000,171.14800000,171.14400000,171.12100000,171.12000000,171.11800000,170.95400000,170.94300000,170.93600000,170.93500000,170.93000000,10,70,30,30,40,50,50,100,50,30,0,202.79800000,135.19800000,171.50000000,169.00000000,168.99800000
SZ127080,20230619,09:42:39,000,09:42:39,486690,171.13800000,240727,110,41043114.00000000,18824.00000000,171.15000000,171.14800000,171.14400000,171.13800000,171.10000000,171.03500000,171.03400000,171.03300000,171.03200000,170.95800000,30,10,70,20,200,110,70,60,10,100,0,202.79800000,135.19800000,171.50000000,169.00000000,168.99800000
SZ127080,20230619,09:42:42,000,09:42:42,484998,171.03500000,241297,570,41140640.00000000,97526.00000000,171.15000000,171.14800000,171.14400000,171.14300000,171.14100000,171.03500000,171.03200000,170.95400000,170.93000000,170.92100000,30,10,30,30,20,20,110,50,30,10,0,202.79800000,135.19800000,171.50000000,169.00000000,168.99800000
